3478 5737
1813 589 1897 652 38

675 786 774 850 sic
814 803 915 848 vs.
962 785 1126 847 1061
1172 787 1374 865 poeta
1399 781 1805 848 τὸν“Ἀδικον
1836 788 2194 864 rogantem
2221 784 2405 848 facit.
2457 781 2728 846 Dixeris
2752 799 3022 846 summa

677 908 980 991 praemia
1022 921 1108 988 τῷ
1152 910 1426 990 σώφρονι
1451 909 1859 988 contingant
1887 924 2165 972 necesse
2190 923 2362 988 esse,
2388 905 2722 986 siquidem
2752 923 3022 970 summa

677 1033 892 1097 animi
925 1033 1310 1096 intentione
1348 1031 1847 1112 cupiditatibus
1884 1032 2061 1096 solet
2096 1031 2435 1096 resistere.
2466 1031 2803 1095 Attamen
2829 1033 3021 1095 estne

681 1173 922 1222 revera
989 1157 1419 1221 verecundus
1486 1157 1975 1235 modestusque
2038 1156 2152 1220 ille
2200 1155 2519 1220 laudibus
2564 1155 3021 1236 praemiisque

681 1281 944 1362 dignus
1017 1281 1074 1345 si
1145 1284 1430 1361 apparet
1483 1279 1703 1360 ipsius
1766 1283 2086 1344 naturam
2158 1279 2353 1359 quasi
2400 1278 2702 1344 voluisse
2752 1282 2832 1342 ut
2878 1279 3024 1343 sine

681 1407 822 1471 nlla
867 1405 1307 1470 contentione
1351 1405 1621 1469 invitus
1667 1405 2120 1470 verecundiae
2154 1406 2247 1470 sit
2278 1403 2669 1486 particeps?
2712 1403 2825 1469 Sic
2857 1405 3022 1469 mihi

682 1530 1014 1611 cogitasse
1064 1529 1337 1594 videtur
1383 1532 1586 1610 poeta
1625 1547 1782 1594 cum
1824 1547 1924 1593 vs.
1976 1530 2145 1592 1068
2171 1532 2326 1611 post
2350 1543 2461 1594 τοῦ
2490 1532 2753 1592 Διναίου
2780 1529 3023 1593 verba:

862 1658 1126 1734 καὶ-τὴν
1181 1655 1360 1718 Θέτιν
1409 1653 1468 1731 γ’
1516 1653 1700 1734 ἔγημε
1750 1654 1855 1717 διὰ
1903 1658 1969 1717 τὸ
2020 1669 2359 1738 σωφρονεῖν
2408 1659 2440 1718 ὁ
2489 1653 2761 1738 Πηλεύς,

686 1777 772 1864 τῷ
824 1779 1075 1862 Ἀδίκῳ
1123 1779 1367 1842 haecce
1415 1778 1697 1842 tribuit:

865 1900 1002 1990 κᾷτ’
1051 1901 1452 1966 ἀπολιποῦσά
1500 1902 1558 1980 γ’
1609 1907 1801 1967 αὑτὸν
1852 1899 2058 1990 ᾤχετ’·
2108 1909 2179 1968 οἰ·
2228 1908 2349 1987 γὰρ
2396 1901 2469 1986 ἦν
2520 1907 2933 1990 ὑβριστής,

866 2011 999 2076 οὐδ’
1051 2011 1203 2093 ἡδὺς
1249 2012 1311 2074 ἓν
1361 2023 1490 2082 τοῖς
1537 2013 1893 2094 στρώμασιν
1943 2017 2053 2094 τὴν
2104 2013 2301 2077 νύκτα
2350 2013 2787 2096 παννυχίζειν·

867 2125 1026 2202 γυνὴ
1075 2119 1140 2182 δὲ
1187 2118 1703 2202 σιναμωρουμένη
1753 2123 1963 2204 χαίρει.
2012 2124 2087 2183 σὺ
2135 2119 2191 2183 δ’
2240 2117 2297 2183 εἶ
2338 2123 2699 2202 κρόνιππος.

779 2246 972 2311 Licet
1017 2243 1364 2308 sententia
1411 2247 1484 2307 οὐ
1523 2248 1641 2327 γὰρ
1683 2241 1757 2326 ἦν
1804 2249 2091 2330 ὑβριστής
2132 2246 2566 2322 (libidinosus)
2596 2247 2864 2310 vertere
2890 2258 3033 2323 pos·

693 2371 913 2435 simus
943 2386 1062 2451 per
1095 2365 1168 2451 ἦν
1203 2372 1322 2452 γὰρ
1347 2371 1634 2453 σώφρων,
1663 2371 1761 2434 sic
1791 2375 1868 2436 ut
1892 2387 2025 2435 non
2053 2368 2505 2434 diiudicemus
2531 2374 2765 2462 utrum
2790 2365 3037 2432 indolis

695 2514 899 2561 causa
943 2513 1032 2559 an
1080 2494 1477 2559 libidinibus
1525 2495 1907 2560 resistendo
1948 2497 2039 2560 sit
2077 2500 2365 2578 σώφρων,
2418 2532 2479 2540 -
2535 2496 2772 2576 utique
2808 2491 3038 2557 verbis

697 2627 784 2686 σὺ
848 2620 904 2684 δ’
966 2616 1025 2683 εἶ
1081 2621 1535 2704 κρόνιππος
1598 2624 1833 2703 aperte
1896 2621 2153 2686 indicat
2215 2625 2245 2684 ὁ
2293 2621 2568 2693 ”Αδικος
2618 2624 2723 2684 τὸν
2776 2620 3035 2682 Δίκαιον

695 2750 925 2812 aetate
970 2746 1110 2810 iam
1158 2743 1366 2809 nimis
1413 2762 1561 2809 esse
1610 2749 2009 2826 provectum
2060 2748 2584 2826 confectumque
2643 2745 2832 2810 senio
2881 2743 3040 2821 (fuit

699 2874 881 2938 enim
922 2871 1525 2955 Μαραθωνομάχων
1575 2870 1918 2953 educator,
1965 2871 2050 2935 cf.
2101 2889 2185 2935 vs
2232 2872 2405 2953 986),
2455 2888 2662 2951 quam
2713 2872 2791 2935 ut
2827 2867 3035 2933 libidi-

703 2998 905 3062 nibus
949 2996 1271 3061 resistere
1319 2996 1379 3060 ei
1429 2995 1523 3059 sit
1567 2993 1750 3058 laudi
1799 2994 2180 3074 decorique.

792 3120 1096 3186 Concedo
1164 3118 1558 3200 Improbum
1629 3135 1756 3182 sua
1812 3119 2290 3183 observatione
2337 3120 2549 3183 etiam
2598 3118 2897 3184 voluisse
2944 3117 3039 3180 in-

704 3246 932 3311 dicare
980 3246 1180 3309 Peleo
1227 3246 1632 3325 σωφροσύνην
1682 3260 1879 3307 suam
1917 3260 2053 3307 non
2093 3244 2393 3308 multum
2433 3243 2769 3325 profuisse
2803 3242 2911 3319 (cf.
2938 3258 3038 3305 vs.

710 3371 926 3451 1061),
975 3369 1298 3449 quoniam
1349 3368 1584 3432 Thetis
1629 3384 1788 3431 eum
1830 3383 1989 3431 mox
2016 3368 2349 3447 deseruit;
2380 3384 2617 3432 verum
2647 3366 2832 3431 enim
2860 3381 3039 3444 vem,

709 3496 790 3559 ut
849 3494 1021 3558 mihi
1081 3492 1376 3574 videtur,
1424 3509 1575 3556 eam
1623 3491 2031 3573 praesertim
2078 3493 2162 3556 ob
2209 3508 2487 3555 causam
2540 3490 3043 3570 spectatoribus

709 3617 894 3683 Pelei
956 3616 1371 3681 verecundia
1430 3615 1716 3679 ridicula
1774 3618 1881 3679 est
1942 3615 2109 3696 visa,
2175 3615 2349 3695 quod
2412 3613 2680 3679 Thetidi
2726 3612 3045 3695 apparuit

711 3743 1059 3807 laudatam
1105 3741 1296 3805 illam
1346 3742 1751 3823 σωφροσύνην
1793 3739 1963 3803 nihil
2002 3738 2187 3803 aliud
2228 3740 2441 3804 fuisse
2480 3755 2684 3819 quam
2719 3738 3043 3819 impoten-

712 3868 884 3931 tiam
975 3865 1679 3947 imbecillitatemque,
1757 3863 2039 3943 ideoque
2116 3864 2315 3929 laude
2388 3864 2673 3928 minime
2749 3862 3041 3942 dignam.

713 3991 1106 4072 Improbum
1155 4006 1242 4053 ex
1289 4005 1411 4054 suo
1459 3990 1646 4052 inore
1694 3988 2015 4069 mythum
2064 3987 2145 4051 de
2193 3987 2389 4052 Peleo
2422 3988 2825 4062 detorquere
2849 4002 3043 4068 appa·

714 4116 843 4196 ret,
905 4114 963 4177 si
1025 4113 1271 4193 relegis
1333 4112 1521 4178 Iliad.
1588 4110 1833 4175 XXIV
1890 4112 1972 4173 59
2038 4127 2182 4190 sqq.
2248 4114 2319 4176 et
2379 4110 2641 4192 XVIII,
2710 4112 2836 4174 432
2900 4126 3045 4191 sqq.

714 4238 918 4323 (ἔτλην
966 4238 1180 4321 ἀνέρος
1225 4242 1432 4320 εὐνὴν.
1465 4286 1478 4300 .
1509 4284 1522 4297 .
1573 4240 1682 4300 οὐκ
1732 4234 2081 4318 ἐθέλουσα).
2136 4272 2213 4281 --

808 4494 844 4565 5
878 4488 939 4551 5.
989 4487 1084 4551 De
1131 4492 1400 4569 quarta,
1449 4501 1662 4565 eaque
1694 4502 1815 4566 pro
1849 4484 2117 4549 fabulae
2148 4484 2430 4548 consilio
2470 4482 2797 4564 primaria
2828 4500 3048 4563 causa,

720 4631 841 4678 cur
887 4614 918 4675 ὁ
967 4611 1237 4685 ’Ἀδικος
1283 4612 1519 4694 vincat
1563 4615 1670 4674 τὸν
1724 4611 2005 4691 Δίκαιον,
2052 4608 2273 4672 acturi
2321 4624 2563 4672 sumus
2610 4608 2680 4670 in
2729 4606 2933 4671 Parte
2966 4606 3051 4669 II.

1682 4780 1885 4787 u—-u—q—
