3478 5737
1872 591 1995 654 140

837 790 872 861 ἓ
921 786 982 849 2.
1077 784 1240 850 Post
1309 789 1552 865 poetae
1626 783 1736 848 vel
1810 783 2199 865 coryphaei,
2273 785 2515 863 poetae
2585 782 2882 863 nomine,
2911 781 2963 859 1)
3019 782 3111 845 ad

749 910 1174 989 spectatores
1252 907 1738 972 allocutionem
1824 907 2104 972 auditur
2186 907 2407 972 denuo
2489 906 2691 971 Chori
2760 906 3115 971 cantilena

750 1038 885 1113 (τῆς
962 1035 1374 1119 παραβάσεως
1466 1032 1597 1119 ᾠδή
1707 1032 2080 1112 563—574,
2188 1030 2297 1095 cui
2392 1029 2760 1111 respondet·
2849 1030 3111 1117 ἆντῳδή

751 1158 1146 1237 595-606),
1218 1158 1513 1223 eundem
1581 1157 1773 1239 pium
1845 1172 2008 1237 prae
2076 1172 2151 1219 se
2219 1156 2450 1220 ferens
2518 1154 2823 1220 Nubium
2894 1154 3113 1220 Chori

750 1282 1083 1363 animum,
1148 1282 1264 1361 qui
1311 1282 1451 1345 iam
1498 1282 1570 1345 in
1621 1280 1825 1345 Chori
1876 1280 2136 1344 Parodo
2184 1278 2561 1361 (275—290
2606 1283 2679 1343 et
2724 1279 3115 1356 298—331)

752 1422 877 1471 nos
936 1406 1190 1486 tetigit.
1279 1405 1476 1471 Tales
1537 1404 1921 1470 cantilenae
1968 1406 2134 1469 sunt
2181 1404 2379 1483 quasi
2426 1402 2795 1467 ἀνάπαυλαι
2842 1404 3115 1477 παιδιᾶς

749 1535 854 1593 καὶ
918 1530 1337 1610 σκωμμάτων,
1399 1546 1574 1611 quae
1637 1533 1794 1611 post
1856 1528 2129 1609 longam
2188 1528 2491 1592 iocorum
2538 1529 2785 1594 seriem
2833 1530 3112 1593 cachin-

749 1672 1009 1734 nosque
1078 1655 1440 1720 continuos
1509 1654 1821 1718 suaviter
1888 1655 2361 1734 spectatorum
2426 1653 2742 1717 afficiunt
2812 1658 3111 1718 mentes,

749 1778 904 1843 Noli
969 1780 1200 1843 mirari
1248 1778 1417 1843 talia
1465 1778 1668 1842 Obori
1717 1776 1987 1841 cantica
2034 1776 2146 1858 pia
2192 1776 2645 1856 religiosaque
2702 1777 2887 1842 inter
2932 1778 3111 1843 face-

747 1902 884 1967 tias
963 1902 1248 1983 reperiri
1332 1900 1809 1966 stultissimas.
1917 1899 1979 1965 N
1982 1900 2131 1965 obis
2212 1916 2380 1965 sane
2458 1900 2869 1965 documento
2940 1905 3119 1966 sunt

747 2026 960 2090 animi
1017 2042 1282 2091 sensum
1341 2026 1594 2089 elatum
1655 2025 2105 2105 excelsumque
2164 2023 2659 2089 intemeratum
2724 2040 2873 2088 sese
2918 2024 3115 2089 tueri

748 2164 947 2228 posse
984 2149 1184 2213 iuxta
1227 2148 1642 2228 intelleyendi
1686 2147 1994 2212 studium
2044 2147 2535 2229 cavillandique
2578 2148 3117 2212 inclinationem:

749 2272 1082 2353 coyitandi
1133 2273 1318 2337 enim
1365 2276 1438 2337 et
1481 2272 1901 2352 intelleyendi
1946 2272 2044 2335 vis
2090 2287 2227 2335 non
2276 2272 2661 2335 necessario
2708 2271 2923 2335 animi
2969 2290 3113 2336 sen·

747 2415 864 2460 sus
923 2398 1326 2479 affectusque
1385 2396 1566 2476 cogit
1625 2397 2034 2477 torpescere,
2102 2411 2238 2475 qua
2298 2411 2371 2459 re
2418 2394 2824 2459 mollissimo
2870 2394 3115 2460 animo

751 2520 1111 2602 praeditos,
1173 2520 1388 2585 veluti
1450 2520 1765 2602 GraecOS,
1816 2535 1950 2584 non
1998 2518 2196 2583 facile
2243 2518 2469 2583 omnis
2514 2520 2785 2599 generis
2830 2520 3111 2585 cavilla-

827 2811 966 2870 Ah'a
1007 2812 1268 2886 denique
1307 2811 1548 2888 scholia,
1593 2810 1819 2887 quibus
1862 2811 2045 2870 etiam
2089 2810 2327 2870 codices
2368 2810 2691 2871 Ravennas
2733 2816 2797 2868 et
2826 2810 3115 2872 Venetus

743 2915 968 2986 carent,
1013 2928 1255 2968 versum
1297 2910 1410 2967 541
1456 2929 1543 2984 sq.
1588 2908 1865 2968 referunt
1906 2915 2011 2968 aut
2052 2907 2132 2966 ad
2174 2908 2515 2983 Eupolidem
2556 2913 2663 2966 aut
2704 2908 2785 2967 ad
2826 2909 3116 2984 Hermip-

737 3026 898 3082 pum,
958 3007 1104 3083 quin
1161 3006 1344 3066 etiam
1399 3007 1462 3064 in
1519 3007 1725 3066 codice
1780 3007 1855 3065 R.
1913 3006 2169 3084 legitur:
2231 3011 2402 3063 τοῦτο
2446 3012 2524 3070 εἰς
2566 3007 2876 3085 Ἕρμωνα
2930 3012 3114 3080 λέγει

753 3109 854 3162 τὸν
899 3107 1240 3182 ὑποκριτήν.

769 3263 772 3266 ,
829 3201 980 3260 Mihi
1049 3201 1295 3260 videtur
1362 3201 1428 3258 id
1497 3202 1773 3278 inprimis
1836 3201 2038 3278 egisse
2094 3201 2552 3278 Aristophanes,
2606 3206 2676 3258 ut
2730 3207 3119 3278 spectatores

749 3299 1136 3360 attenderent
1176 3299 1255 3358 ad
1296 3297 1566 3358 Nubium
1607 3297 1850 3358 fabulae
1892 3299 2169 3356 virtutes
2214 3297 2571 3358 Volueritne
2607 3298 2791 3356 simul
2812 3298 3118 3374 sugillare

753 3397 1066 3457 Cratinum
1121 3402 1186 3456 et
1232 3396 1588 3474 Amipsiam,
1651 3417 1688 3454 a
1729 3395 1950 3470 quibus
1992 3400 2125 3454 erat
2165 3396 2367 3454 victus
2406 3400 2518 3469 (vs,
2562 3396 2725 3473 524),
2768 3394 2834 3453 id
2872 3394 3119 3456 frustra

755 3495 1127 3570 quaerimus;
1185 3513 1456 3554 caremus
1509 3495 1670 3552 enirn
1725 3493 1985 3552 indiciis.
2060 3491 2230 3566 Quae
2286 3498 2536 3552 annotat
2582 3492 2985 3552 Leeuwenius
3031 3496 3111 3554 ad

755 3612 964 3652 vocem
1020 3597 1260 3649 σκυτίον
1317 3591 1701 3669 καθειμένοντ
1768 3610 1995 3668 „nuper
2043 3591 2235 3668 igitur
2286 3591 2348 3648 in
2390 3591 2511 3650 alia
2550 3589 2859 3650 comoedia
2898 3591 3119 3667 aliqua

756 3695 1128 3767 spectatores
1182 3689 1247 3747 id
1299 3689 1582 3747 viderant
1637 3693 1702 3747 et
1754 3688 2069 3765 riserant,”
2126 3687 2297 3746 firmo
2352 3687 2745 3748 fundamento
2801 3689 2917 3746 niti
2954 3689 3119 3748 mihi

757 3807 876 3846 non
927 3787 1229 3864 videntur,
1288 3807 1399 3846 nec
1453 3786 1650 3862 magis
1698 3805 1787 3863 ea,
1831 3805 1984 3860 quae
2025 3791 2311 3844 annotata
2350 3785 2530 3845 video
2570 3784 2651 3844 ad
2690 3806 2779 3845 vs.
2822 3788 2943 3845 540
2987 3793 3115 3847 eet.

758 3886 825 3944 Si
864 3884 1023 3944 forte
1063 3883 1306 3943 fortuna
1346 3885 1409 3942 in
1451 3882 1793 3961 fragmento
1836 3884 2034 3959 aliquo
2080 3917 2153 3926 —-
2196 3883 2333 3942 volo
2374 3882 2696 3961 Eupolidis
2732 3885 2795 3942 in
2822 3884 3119 3962 Prospal-

757 3983 860 4040 tiis
903 3980 1118 4058 fragm.
1165 3983 1312 4040 244:
1359 3987 1626 4054 γελῶσιν
1671 3981 1857 4058 (γελᾷ
1898 3993 2021 4059 γὰρ
2073 3979 2289 4058 Cobet)
2332 3985 2406 4046 ὡς
2449 3983 2601 4059 ὁρᾷς,
2648 3986 2726 4039 τὰ
2777 3983 2983 4038 παιδία
3034 4018 3115 4026 -

755 4080 1046 4138 alluditur
1099 4081 1176 4138 ad
1231 4078 1482 4138 eandem
1539 4097 1666 4136 rem
1719 4079 1820 4138 vel
1876 4079 2086 4137 eadem
2142 4078 2271 4138 fere
2313 4083 2637 4138 occurrunt
2674 4077 2877 4154 verba,
2920 4078 3119 4138 nimis

755 4179 951 4236 audax
1031 4177 1177 4236 mihi
1253 4177 1496 4235 videtur
1571 4177 1915 4236 coniectura
1983 4176 2095 4236 hoc
2163 4176 2292 4235 loco
2360 4176 2827 4254 Aristophanem
2896 4175 3119 4238 verbis

756 4289 852 4340 τοϊ
855 4306 883 4349 ς
925 4285 1168 4348 παιδίοις
1205 4282 1278 4340 l'v’
1307 4281 1341 4358 ᾖ
1372 4287 1570 4356 γέλως
1602 4287 1856 4359 tangere
1886 4281 2271 4360 Eupolidem,
2302 4284 2433 4342 eius
2459 4281 2645 4342 verba
2665 4281 3114 4362 detorquendO,

751 4379 1190 4458 Eupolidisque
1269 4379 1680 4456 fragmentum
1764 4399 1873 4438 sua
1950 4380 2083 4439 vice
2158 4385 2432 4457 spectare
2514 4379 2594 4438 ad
2676 4379 3119 4458 Aristophanis

755 4478 1170 4537 Acharnenses
1233 4475 1395 4553 (vide
1436 4476 1788 4535 Leeuwenii
1831 4483 2032 4536 annot.
2077 4477 2157 4535 ad
2196 4497 2284 4536 vs.
2342 4477 2477 4554 538,
2522 4476 2601 4535 ad
2640 4477 2825 4553 Vesp.
2867 4495 2957 4536 vs.
3008 4481 3115 4558 56,

755 4574 834 4632 ad
876 4575 1135 4634 Acharn.
1179 4595 1267 4634 vs.
1313 4573 1472 4654 738).

835 4675 882 4746 l)
943 4671 1034 4730 Of.
1097 4673 1238 4730 Pac.
1297 4692 1386 4731 ve.
1445 4674 1564 4732 760
1619 4693 1771 4749 sqq,
1830 4670 1936 4731 ubi
1974 4673 2171 4751 prima
2212 4677 2389 4731 utens
2428 4691 2685 4750 persona
2724 4672 3117 4750 coryphaeus

753 4775 968 4847 poetae
1007 4790 1243 4846 quoque
1283 4771 1522 4829 nomine
1562 4770 1751 4830 verba
1788 4769 1953 4829 facit.
