3478 5737
1525 1297 1911 1363 CAPUT
1981 1298 2144 1379 ΙΙΙ,
2206 1298 2288 1362 Β.

1701 1556 2021 1564 ——-

1051 1819 1177 1885 De
1244 1818 1488 1885 Actu
1558 1820 1983 1885 secundo
2048 1818 2212 1904 (VS.
2275 1788 2765 1903 627-81'3).

828 2048 865 2120 ἓ
939 2045 996 2108 1.
1129 2042 1292 2107 Post
1358 2046 1502 2107 tres
1563 2043 1645 2107 ad
1719 2045 2144 2123 spectatores
2210 2040 2660 2106 allocutiones
2728 2039 3081 2122 (brevibus

740 2167 1103 2231 cantilenis
1171 2166 1472 2247 divisas),
1544 2184 1718 2246 quae
1786 2165 2079 2251 ἔμβολίου
2149 2166 2391 2246 instar,
2458 2163 2729 2229 fabulae
2790 2163 3081 2227 actionis

739 2309 1172 2374 progressum
1234 2292 1670 2373 impedivere‚
1734 2292 1922 2356 solus
1971 2290 2290 2357 Socrates
2336 2306 2425 2353 ex
2472 2287 2882 2353 meditaculo
2929 2287 3079 2351 exit

741 2416 1098 2499 proditque
1163 2417 1234 2480 in
1303 2432 1639 2481 scaenam.
1742 2416 2031 2481 Frustra
2098 2419 2385 2480 conatus
2450 2416 2561 2477 est
2630 2412 3080 2494 philosophus

741 2540 980 2605 docere
1039 2539 1577 2604 rusticissimum
1640 2544 1975 2605 nostrum.
2058 2540 2249 2604 Iurat
2308 2555 2428 2620 per
2487 2540 2631 2601 tres
2691 2552 2909 2601 novos
2962 2536 3082 2614 qui

741 2664 1065 2727 dicuntur
1123 2664 1286 2727 deos
1352 2662 1945 2744 (Respirationem,
2010 2662 2251 2743 Chaos
2316 2663 2519 2740 Aera)
2580 2677 2653 2725 se
2700 2676 3075 2739 numquam

743 2786 995 2850 vidisse
1093 2786 1458 2867 hominem,
1564 2789 1708 2849 tam
1804 2786 2130 2851 stolidum
2221 2786 2789 2865 obliviosumque.
2908 2783 3079 2865 Quid

741 2913 1048 2976 mirum?
1120 2928 1198 2976 eo
1274 2912 1479 2993 enim,
1541 2912 1715 2992 quod
1789 2912 1899 2976 hic
1966 2913 2417 2993 exspectabat
2474 2915 2581 2976 τὸν
2652 2910 2821 2995 ἥττω
2890 2908 3077 2989 λόγον

740 3037 970 3101 omnia
1046 3053 1262 3118 posse,
1344 3037 1484 3100 iarn
1567 3037 2074 3118 spectatoribus
2154 3036 2463 3101 innotuit
2542 3035 3081 3118 stupidissimus

747 3163 1178 3244 „Antequam
1229 3159 1427 3240 plene
1472 3159 1791 3224 didicerit
1836 3177 2049 3225 senex
2095 3158 2598 3243 σκαλαθυρμάτι’
2638 3161 2842 3226 birro?
2884 3197 2941 3204 —
2980 3159 3081 3223 sic

741 3284 951 3348 refert
982 3283 1297 3348 Socrates
1329 3300 1502 3362 quae
1533 3287 1865 3364 expertus
1888 3284 1983 3348 sit
2010 3321 2072 3329 —
2106 3301 2226 3367 „ea
2250 3285 2749 3350 obliviscitur.”
2773 3285 3083 3349 Absente

740 3409 953 3488 igitur
999 3407 1413 3488 Strepsiade,
1459 3409 1544 3471 ab
1581 3423 1663 3471 ea
1699 3407 1924 3471 indole
1962 3425 2168 3487 quarn
2208 3410 2559 3488 hucusque
2597 3408 2914 3490 praebuit
2944 3424 3081 3472 non

741 3533 1043 3597 deflectit
1119 3532 1437 3596 Socrates
1505 3535 1697 3613 (puta
1764 3532 2243 3596 iusiurandum
2315 3549 2435 3614 per
2502 3533 2664 3598 deos
2732 3531 3081 3611 novicios).

744 3657 1014 3722 Serium
1078 3674 1149 3721 se
1211 3657 1491 3737 praebet
1551 3655 1878 3735 magister
1942 3675 2061 3738 per
2127 3660 2346 3722 totam
2394 3657 2693 3722 fabulam
2746 3673 3083 3722 vanarum

743 3798 969 3846 rerum
1019 3781 1370 3846 cultorem.
1420 3780 1603 3846 Num
1645 3785 2067 3862 spectatores
2104 3784 2353 3862 putent
2384 3781 2642 3845 serium
2673 3781 2869 3846 illum
2904 3781 3085 3846 habi-

742 3909 890 3970 tum
939 3904 1277 3985 genuinae
1321 3921 1470 3969 esse
1518 3908 1829 3988 naturae,
1878 3906 2111 3988 inepta
2142 3907 2251 3970 est
2284 3906 2615 3986 quaestio.
2666 3905 2866 3970 Ultro
2898 3905 3085 3969 enim

742 4047 820 4093 ac
881 4033 1122 4108 sponte
1184 4030 1257 4092 in
1319 4032 1552 4093 mente
1614 4031 2079 4110 spectatorum
2154 4067 2216 4075 —
2275 4029 2739 4111 oppositiones
2798 4029 3085 4110 philoso-

743 4153 954 4232 phum
1024 4152 1208 4217 inter
1276 4156 1346 4216 et
1411 4151 1779 4231 agricolam
1848 4153 2280 4217 cernentium
2350 4189 2411 4196 —
2472 4153 2697 4232 imago
2768 4153 2916 4217 eius
2984 4152 3083 4217 rei

742 4294 945 4357 quarn
1035 4276 1254 4341 voluit
1336 4279 1537 4356 poeta
1615 4277 1944 4359 nascitur,
2016 4277 2059 4339 i.
2130 4293 2188 4340 e.
2260 4277 2574 4341 sentiunt
2644 4283 3087 4358 spectatores·‚

743 4403 1161 4479 quantopere
1224 4399 1465 4462 rustici
1525 4397 1782 4462 stultae
1830 4401 2384 4481 exspectationes
2428 4399 2695 4465 distent
2742 4403 2829 4466 ab
2877 4402 3087 4466 homi·

747 4525 854 4588 nis
936 4541 1143 4587 sanae
1230 4523 1483 4587 mentis
1561 4523 2090 4602 cogitationibus
2156 4523 2923 4608 deliberationibusque,
3000 4527 3089 4591 ab

745 4648 966 4712 altera
1031 4651 1266 4712 autem
1337 4651 1530 4727 parte
1599 4651 1937 4726 quantum
1998 4647 2277 4712 intersit
2335 4649 2517 4712 inter
2579 4666 2815 4714 veram
2878 4649 3087 4732 philo·

747 4773 942 4852 sophi
990 4772 1285 4836 indolem
1332 4773 1541 4850 atque
1578 4770 1745 4834 illud
1786 4774 1963 4851 quod
2004 4773 2243 4836 vident
2274 4773 2607 4854 sapientis
2638 4774 3083 4840 simulacrum
