3478 5737
1841 622 1969 685 190

725 816 1090 895 potestate.
1161 812 1338 877 Illud
1384 816 1892 896 argumentum,
1942 814 2118 895 quod
2167 816 2429 897 optime
2474 815 2657 880 cadit
2694 816 2765 881 in
2807 821 3070 899 patrem

726 954 940 1018 prava
1009 937 1400 1019 cupientem
1466 938 1821 1020 filiumque
1880 940 1965 1004 ad
2025 956 2240 1022 prava
2300 940 2728 1022 incitantem,
2787 941 3073 1006 minime

724 1078 874 1127 esse
922 1076 1033 1125 τοῦ
1081 1062 1340 1145 ἥττονος
1387 1061 1579 1143 λόγου
1627 1063 2002 1146 putaveris,
2050 1064 2418 1130 dummodo
2466 1080 2551 1128 ne
2587 1063 2889 1147 filiorum
2920 1081 3069 1129 esse

725 1186 1024 1251 mulcare
1093 1192 1324 1270 patres
1391 1188 1706 1269 accipias.
1793 1187 1953 1253 Tale
2021 1191 2509 1269 argumentum
2580 1188 2856 1253 difficile
2922 1204 3071 1253 esse

723 1311 1056 1393 refutatu,
1128 1329 1207 1376 eo
1276 1312 1619 1393 significat
1688 1318 1906 1395 poeta,
1971 1313 2149 1393 quod
2212 1316 2475 1394 patrem
2525 1311 2623 1375 nii
2668 1311 2854 1376 aliud
2902 1312 3071 1377 facit

721 1435 1249 1517 respondentem
1298 1453 1500 1518 quam
1552 1455 1728 1517 quae
1775 1438 1958 1502 filius
1990 1437 2052 1502 ei
2083 1438 2219 1503 iam
2256 1436 2658 1502 subiecerit:
2702 1456 3071 1519 numquam

725 1560 852 1641 leye
909 1566 1236 1644 receptum
1281 1578 1452 1642 esse,
1504 1564 1584 1626 ut
1622 1566 1817 1645 pater
1862 1561 2027 1626 illud
2076 1579 2117 1625 a
2163 1560 2302 1625 filio
2350 1560 2672 1642 patiatur.
2744 1559 3074 1641 Sequitur

723 1666 944 1749 altera
1011 1702 1217 1749 sanae
1287 1686 1576 1751 rationis
1643 1686 2185 1767 argumentatio:
2240 1684 2627 1770 „legislator
2674 1685 2875 1749 homo
2921 1690 3073 1749 erat

725 1812 805 1873 ut
864 1811 946 1873 tu
1007 1812 1078 1873 et
1123 1826 1279 1890 ego;
1329 1809 1610 1875 dicendo
1659 1809 2011 1875 veteribus
2056 1810 2399 1890 persuasit
2444 1811 2571 1892 (καὶ
2620 1807 2819 1889 λέγων
2868 1808 3072 1873 ἔπειθε

725 1938 869 2007 τοὺς
915 1932 1247 2013 παλαιούς,
1297 1952 1396 1999 vs.
1454 1932 1710 2013 1422).”
1761 1934 1887 2015 Qui
1930 1927 2131 2015 poeta
2162 1934 2289 1999 tali
2330 1933 2851 1999 ratiocinatione
2888 1952 3071 2017 spec·

723 2061 992 2124 tatores
1039 2062 1236 2123 curat
1274 2058 1628 2140 docendos,
1667 2058 1895 2141 ipsum
1935 2058 2281 2123 imbutum
2314 2074 2388 2122 se
2424 2059 2747 2139 praebere
2778 2058 3070 2122 dixerim

723 2182 1282 2265 philosophorum
1366 2182 1449 2248 de
1521 2183 1789 2263 legibus
1854 2182 2205 2263 doctrinis,
2277 2198 2646 2261 secumque
2716 2185 3075 2262 reputasse

725 2323 990 2371 necnon
1035 2305 1264 2387 ipsum
1310 2306 1627 2389 sensisse,
1677 2323 1883 2386 quam
1931 2306 2238 2386 graviter
2282 2309 2491 2385 atque
2536 2305 2777 2370 acerbe
2824 2306 3073 2388 saepis·

726 2430 899 2495 sime
983 2430 1410 2511 singulorum
1496 2430 1757 2496 civium
1839 2434 1912 2495 et
1979 2430 2290 2496 civitatis
2358 2431 2735 2513 commoda,
2805 2430 3071 2511 legibus

724 2555 1086 2636 custodita,
1134 2556 1318 2619 inter
1362 2572 1514 2621 sese
1560 2556 1830 2621 soleant
1874 2556 2254 2636 confligere.
2338 2554 2587 2621 Facete
2632 2571 2830 2636 porro
2877 2554 3073 2620 addit

723 2678 1309 2758 argumentationi
1357 2678 1575 2743 filius:
1631 2678 1911 2763 „quidni
1958 2695 2078 2760 ego
2127 2695 2309 2742 nunc
2355 2677 2705 2758 legislator
2750 2678 3071 2760 existam,

723 2800 891 2886 filiis
935 2803 1002 2884 (ἔ)
1086 2802 1496 2885 permittens
1578 2808 1658 2867 ut
1724 2806 1957 2884 patres
2028 2803 2413 2868 verberent.
2508 2802 2829 2867 Libenter
2899 2819 3072 2882 quas

721 2932 884 2993 ante
930 2927 1148 3008 legem
1199 2928 1449 2994 hancce
1497 2929 1712 2993 latam
1759 2928 2149 3010 accepimus
2190 2927 2425 3010 plagas
2461 2927 3067 2994 condonabimuS.”

723 3051 980 3117 Deinde
1063 3052 1466 3117 animalium
1553 3053 1771 3117 veluti
1843 3051 2179 3133 gallorum
2251 3068 2475 3116 mores
2540 3054 3069 3116 commemorat:

730 3179 1152 3260 ,,ψηφίσματα
1215 3193 1351 3240 non
1398 3176 1674 3258 habent,
1723 3178 1959 3257 patres
2004 3193 2167 3241 suos
2217 3175 2643 3241 ulciscuntur
2688 3175 2746 3239 si
2794 3178 3073 3257 tempus

723 3303 849 3366 hoc
905 3301 1164 3383 poscit”
1228 3301 1337 3378 (cf.
1405 3300 1662 3365 Avium
1724 3317 1827 3365 VS.
1878 3301 2002 3365 757
2053 3300 2197 3380 sq.).
2272 3299 2460 3364 ‘Data
2506 3315 2713 3381 opera
2760 3299 2939 3363 hanc
2986 3299 3071 3363 de

728 3424 966 3490 bestiis
1033 3425 1586 3490 observationem
1657 3429 1859 3505 poeta
1927 3441 2063 3489 non
2134 3423 2373 3488 statim
2444 3423 2676 3504 posuit
2743 3428 2900 3504 post
2966 3439 3068 3487 ve.

729 3549 918 3630 1422,
983 3549 1098 3613 ubi
1163 3566 1387 3614 sermo
1448 3553 1557 3614 est
1617 3549 1698 3613 de
1757 3548 2204 3629 legislatione,
2254 3548 2371 3613 sed
2419 3547 2489 3612 in
2539 3546 2671 3612 fine
2718 3563 3072 3627 argumen-

724 3673 1028 3754 tationiS,
1094 3677 1174 3738 ut
1234 3674 1452 3756 patris
1511 3690 1731 3738 vanae
1794 3673 2161 3740 obiectioni
2205 3674 2649 3755 praeberetur
2694 3687 2901 3736 ansa:
2958 3671 3073 3754 „in

726 3797 1032 3862 omnibus
1089 3798 1280 3862 rebus
1339 3799 1398 3863 si
1462 3799 1721 3863 imitari
1782 3799 1978 3881 cupis
2037 3798 2272 3881 gaIIOS,
2336 3801 2398 3863 τί
2460 3798 2596 3881 δητ’
2632 3793 2655 3885 l
2688 3801 2800 3862 οὐκ
2848 3799 3069 3870 ἐσθίεις

729 3927 831 3986 καὶ
893 3928 1006 4006 τὴν
1071 3925 1303 4006 κόπρον
1369 3927 1472 3986 καὶ
1536 3925 1635 3986 ἐπὶ
1699 3921 1895 3997 ξύλου
1957 3923 2275 3997 καθεύδεις
2289 3945 2319 4005 ,·
2372 3929 2501 4002 (VS.
2555 3922 2726 3987 1430
2774 3923 2917 4003 sq.).
2988 3922 3067 3986 In

725 4045 984 4111 comica
1044 4049 1281 4110 nostra
1339 4046 1788 4111 altercatione
1847 4063 1934 4110 ne
1996 4046 2511 4128 exspectaveris
2566 4045 2777 4111 nimis
2820 4045 3069 4111 seriam

724 4172 1416 4252 argumentationem,
1465 4187 1638 4250 quae
1686 4172 2224 4252 uniuscuiusque
2262 4170 2454 4236 verbi
2487 4169 2790 4235 notionis
2821 4171 3073 4234 habeat

727 4294 1082 4358 rationem.
1181 4295 1350 4360 Cum
1439 4295 1693 4376 promit
1777 4299 1972 4375 pater
2055 4313 2288 4361 voces:
2376 4294 2644 4378 ἐπειδή..
2675 4342 2688 4357 .
2722 4293 3069 4360 ,ἅπαντα

724 4433 916 4502 μιμεῖ,
961 4420 1323 4500 detorquet
1368 4419 1491 4482 filii
1538 4418 1905 4483 verborum
1956 4422 2409 4486 sententiam:
2456 4422 2518 4484 τί
2564 4419 3066 4502 διαφέρουσιν

726 4550 903 4628 ἡμῶν
967 4548 1208 4623 ἐκεῖνοι,
1255 4561 1430 4625 quae
1479 4545 1690 4609 verba
1737 4543 2021 4609 minime
2069 4545 2433 4626 designant
2476 4545 2695 4610 fllium
2742 4545 2819 4609 in
2864 4545 3067 4609 omni·

727 4671 848 4735 bus
889 4671 1082 4736 rebus
1126 4670 1342 4752 gallos
1386 4668 1743 4733 imitandos
1788 4685 1940 4734 esse
1986 4685 2282 4735 censere.
2354 4670 2566 4734 Recte
2604 4669 2815 4750 igitur
2850 4670 3067 4734 obser·

729 4799 852 4860 vat
898 4796 1114 4861 filius:
