3478 5737
1402 1259 1788 1324 CAPUT
1860 1261 1968 1325 II.

707 1676 817 1745 De
864 1678 1097 1746 Probi
1146 1688 1379 1765 atque
1428 1680 1763 1765 Improbi
1812 1683 2109 1749 comica
2158 1685 2662 1767 oppositione.

599 1904 635 1977 ἓ
705 1902 762 1964 1.
858 1900 1123 1966 Seriam
1186 1902 1355 1967 iusti
1418 1903 1798 1985 iniustique
1845 1904 2365 1987 oppositionem,
2415 1907 2854 1973 lineamentis

496 2023 978 2103 coloribusque
1027 2025 1414 2107 conspicuis
1459 2026 1820 2109 depictam,
1869 2028 2268 2093 invenimus
2290 2030 2467 2110 apud
2496 2030 2846 2097 Platonem

496 2148 612 2225 (de
658 2148 943 2229 Republ.
990 2148 1076 2229 ΙΙ,
1120 2150 1203 2231 5),
1252 2150 1369 2230 qui
1420 2149 1608 2215 vitae
1656 2152 1998 2215 humanae
2044 2152 2456 2235 aenigmata,
2503 2156 2586 2219 ad
2628 2156 2850 2236 singu·

496 2271 721 2336 lorum
770 2272 1030 2336 civium
1074 2275 1286 2351 atque
1333 2272 1746 2352 reipublicae
1793 2275 2307 2339 commodorum
2357 2294 2654 2357 pugnam
2708 2296 2846 2360 per-

496 2397 781 2475 petuam
853 2396 1293 2477 pertinentia,
1364 2413 1499 2461 non
1571 2398 1804 2462 minus
1864 2398 2143 2479 penitus
2205 2403 2277 2463 et
2338 2400 2582 2465 intime
2629 2404 2848 2489 sensit

496 2536 709 2599 quam
760 2522 1003 2601 poetae
1050 2519 1292 2600 tragici
1340 2520 1584 2585 Graeci
1633 2525 1704 2585 et
1751 2521 2054 2587 comicus
2101 2528 2354 2589 noster.

592 2648 623 2707 ὁ
670 2645 997 2719 δίκαιος
1043 2648 1518 2727 μαστιγώσεται,
1566 2646 2008 2732 στρεβλώσεται
2057 2652 2188 2712 etc.

588 2776 671 2844 εἷς
739 2775 993 2850 ἀγῶμας
1062 2774 1277 2835 τοίνυν
1352 2775 1530 2836 ἰόντα
1600 2779 1717 2850 (SC.
1789 2776 1924 2836 τὸν
1989 2773 2309 2848 ἄδικον)
2373 2780 2476 2837 καὶ
2545 2776 2674 2859 ἰδίᾳ
2741 2783 2842 2839 καὶ

489 2898 765 2982 δημοσίᾳ
813 2901 1277 2980 περιγίγνεσθαι
1326 2903 1429 2960 καὶ
1483 2897 1870 2963 πλεονεκτεῖν
1925 2912 2048 2963 τῶν
2099 2903 2340 2984 ἐχθρῶν
2389 2917 2538 2980 6.(1.
2567 2919 2621 2966 S.

587 3023 727 3087 Iam
802 3022 1178 3103 videamus»,
1240 3039 1373 3103 quo
1422 3028 1618 3104 pacto
1667 3025 1850 3088 inter
1899 3041 2046 3088 sese
2096 3025 2494 3105 opposuerit
2539 3027 2842 3090 comicus

488 3151 697 3229 poeta
739 3147 1050 3212 diversas
1094 3148 1179 3211 de
1232 3147 1503 3212 vivendi
1554 3149 1822 3213 ratione
1870 3149 2275 3212 sententias,

586 3270 841 3335 Statim
876 3271 1073 3336 initio
1100 3274 1131 3333 ὁ
1158 3271 1429 3344 ’Ἀδικος
1454 3287 1589 3335 non
1616 3272 1840 3335 solum
1866 3272 1994 3336 sibi
2022 3273 2134 3336 sed
2163 3272 2371 3336 etiam
2397 3277 2840 3354 spectatorum

486 3395 721 3476 favori
763 3413 837 3459 se
884 3397 1166 3476 praebet
1210 3396 1682 3460 confidentem.

581 3536 683 3583 VS.
732 3519 863 3583 892
912 3537 1044 3598 sq.:
1474 3517 1639 3582 πολὺ
1684 3524 1804 3600 γὰρ
1851 3519 2092 3600 μᾶλλόν
2142 3522 2197 3582 σ’

1114 3645 1192 3708 ἐν
1256 3659 1426 3717 τοῖς
1488 3643 1873 3708 πολλοῖσι
1935 3644 2132 3724 λέγων
2195 3643 2434 3707 ἀπολῶ.

577 3769 829 3832 Insano
873 3768 1059 3832 enim
1106 3768 1399 3850 populus
1448 3769 1976 3834 Atheniensium
2025 3769 2164 3833 illis
2208 3770 2448 3833 diebus
2492 3769 2666 3832 artis
2704 3769 2831 3832 dis·

476 3891 775 3976 putandi
834 3909 1067 3956 amore
1115 3897 1267 3957 erat
1312 3895 1552 3973 captus
1600 3891 1671 3968 1).
1767 3893 1930 3973 Quis
1979 3910 2115 3957 non
2163 3892 2380 3957 sentit
2429 3893 2538 3956 hic
2585 3893 2829 3956 statim

475 4016 717 4099 populi
766 4016 998 4080 studia
1044 4016 1437 4097 perstringi.

573 4140 827 4220 Incipit
872 4144 1217 4204 certamen
1265 4158 1307 4204 a
1352 4139 1701 4222 conviciiS‚
1753 4139 2024 4204 infimae
2068 4140 2246 4220 plebi
2285 4157 2553 4219 semper
2590 4140 2661 4202 in
2691 4141 2828 4220 pul·

474 4264 626 4346 pito
686 4262 921 4342 gratiS.
1018 4263 1252 4343 Neque
1311 4265 1546 4328 Iustus
1592 4280 1814 4343 neque
1861 4263 2173 4327 Iniustus
2215 4263 2640 4343 argumentis
2685 4280 2829 4342 pro-

476 4389 645 4452 bare
698 4389 1006 4466 conatur,
1056 4404 1231 4466 quae
1276 4387 1406 4451 sibi
1454 4387 1752 4450 invicem
1801 4388 2244 4466 exprobrant3
2294 4403 2502 4450 unam
2550 4389 2826 4450 tantum

472 4509 871 4589 argumenti
939 4509 1234 4591 speciem
1306 4509 1504 4574 nobis
1573 4508 1785 4573 tradit
1855 4508 2183 4591 IniustUS,
2255 4509 2392 4589 qui,
2463 4507 2623 4572 licet
2677 4508 2824 4572 sine

562 4773 609 4851 l)
652 4772 727 4833 cf.
770 4773 1155 4833 Stallbaumii
1195 4774 1273 4833 de
1314 4772 1704 4851 Euthydemo
1747 4771 1970 4849 disput.
2035 4793 2093 4849 p.
2137 4773 2194 4828 8.
