3478 5737
1539 576 1664 639 157

431 768 838 833 histrionum
903 771 1090 835 certe
1151 772 1260 835 est
1315 770 1732 836 sententiam
1780 770 2281 852 gravissimam,
2330 770 2404 837 in
2450 788 2588 851 qua
2632 772 2775 837 fere

432 896 652 957 totum
738 892 1008 958 fabulae
1090 896 1578 977 argumentum
1663 910 1745 959 ac
1829 910 2103 959 summa
2186 898 2525 979 versatur,
2612 913 2771 960 cum

433 1015 498 1079 vi
557 1016 852 1097 quadam
920 1017 1108 1082 lente
1163 1018 1630 1099 pronuntiare.
1703 1017 1927 1083 Etiam
2002 1034 2190 1083 nunc
2230 1018 2483 1085 idcirco
2530 1020 2775 1101 solent,

434 1158 578 1205 cum
658 1140 962 1205 traditur
1029 1141 1263 1207 fabula
1331 1142 1777 1224 perdiscenda
1845 1142 2320 1225 histrionibuS,
2390 1145 2779 1209 sententias

429 1264 786 1347 primarias
847 1264 1030 1331 linea
1088 1267 1482 1347 subnotare,
1539 1283 1626 1331 ne
1671 1266 1921 1331 histrio
1966 1266 2215 1332 leviter
2258 1270 2473 1347 atque
2520 1269 2775 1350 raptim

427 1390 620 1469 quasi
667 1389 957 1455 minoris
1003 1390 1336 1456 momenti
1382 1408 1500 1455 eas
1546 1390 1851 1456 recitans
1898 1390 2331 1471 neglegentia
2378 1408 2505 1455 sua
2551 1392 2773 1473 prohi-

429 1514 602 1596 beat,
665 1515 1036 1595 quominus
1091 1519 1516 1598 spectatores
1558 1519 1790 1580 totum
1833 1516 2246 1596 intellegant
2289 1519 2775 1595 argumentum

426 1656 504 1703 ac
575 1640 808 1703 mente
891 1640 1496 1721 comprehendant.
1589 1640 1678 1705 Et
1737 1640 2149 1705 histrionem
2233 1639 2303 1705 et
2372 1640 2777 1722 scriptorem

429 1762 824 1827 meminisse
871 1766 1160 1844 oportet,
1207 1780 1413 1843 quam
1453 1780 1793 1845 propensa
1830 1764 1925 1829 sit
1962 1762 2336 1828 multitudo
2373 1764 2457 1828 ad
2498 1780 2779 1828 scaenas

427 1887 736 1967 singulas
781 1887 1262 1971 observandas,
1309 1906 1489 1971 cum,
1538 1889 1622 1953 de
1659 1904 1933 1953 summa
1962 1904 2207 1969 parum
2244 1889 2531 1970 curiosa,
2560 1889 2780 1954 totius

429 2010 698 2076 fabulae
783 2010 976 2075 filum
1060 2029 1142 2077 ac
1223 2012 1476 2077 nodum
1549 2028 1877 2094 quaerere
1947 2012 2246 2077 omittat.
2348 2010 2499 2077 Hac
2566 2012 2635 2078 in
2708 2028 2780 2078 re

427 2151 696 2217 quoque
781 2136 1322 2216 Aristophanem
1414 2153 1488 2201 se
1580 2138 1907 2218 praebere
1997 2152 2227 2201 rerum
2310 2129 2777 2201 scaenicarum

429 2260 950 2341 peritissimum,
1021 2276 1224 2325 nemo
1293 2261 1588 2341 negabit.
1677 2260 1986 2343 Duplicis
2051 2262 2291 2325 autem
2362 2260 2783 2325 recensionis

427 2384 964 2463 investigatores
1023 2384 1108 2448 ad
1169 2384 1340 2449 talia
1399 2385 1626 2449 solent
1689 2401 1825 2449 non
1886 2384 2263 2449 attendere.
2334 2384 2499 2450 Post
2557 2384 2781 2466 Strep-

429 2508 642 2572 siadis
687 2509 898 2573 verba
944 2514 1069 2586 (vs.
1121 2509 1246 2572 116
1295 2518 1500 2595 sqq.):

699 2698 776 2777 ἢν
827 2690 939 2760 οὖν
987 2696 1199 2781 μάθῃς
1245 2722 1350 2778 μοι
1399 2700 1506 2760 τὸν
1556 2695 1777 2760 ἄδικον
1826 2708 2048 2759 τοῦτον
2098 2692 2309 2775 λόγον,

697 2824 739 2884 ἃ
787 2834 901 2886 νῦν
952 2820 1180 2903 ὀφείλω
1227 2822 1332 2886 διὰ
1384 2824 1465 2901 σέ,
1514 2824 1753 2887 τούτων
1807 2834 1930 2887 τῶν
1984 2834 2173 2908 χρεῶν

704 2954 815 3012 οὐκ
861 2949 942 3011 ἂν
989 2948 1300 3034 ἀποδοίην
1351 2949 1486 3014 οὐδ’
1534 2951 1614 3013 ἂν
1664 2948 1889 3035 ὀβολὸν
1940 2947 2168 3026 οὐδενί,

428 3136 866 3214 gratissimae
930 3137 1128 3203 nobis
1175 3140 1340 3202 sunt
1385 3136 1793 3202 iterationes
1838 3137 1949 3213 (cf.
1997 3135 2211 3200 etiam
2256 3150 2360 3198 vs.
2409 3131 2541 3196 239
2588 3137 2783 3211 sqq.).

431 3258 714 3325 Talibus
797 3263 1002 3342 poeta
1091 3261 1164 3326 et
1255 3260 1692 3325 multitudini
1784 3259 2083 3342 prodest,
2176 3257 2293 3339 qui
2384 3255 2785 3335 intellegere

429 3388 920 3463 argumentum
1011 3385 1220 3469 cupit,
1313 3388 1386 3450 et
1477 3385 1610 3449 sibi
1702 3385 1853 3466 ipsi,
1948 3384 2065 3463 qui
2140 3381 2447 3460 intellegi
2526 3379 2780 3444 studet.

429 3507 798 3574 Praeterea
859 3499 1277 3590 Strepsiadis
1340 3509 1793 3592 pertinaciam
1853 3506 1994 3572 illis
2056 3505 2422 3572 sententiis
2469 3503 2789 3586 repetitis

430 3651 638 3712 quam
705 3634 1252 3700 luculentissime
1322 3634 1625 3699 ostendit
1687 3636 1909 3714 poeta.
1972 3631 2099 3710 (Cf.
2164 3632 2245 3697 de
2307 3647 2444 3694 vss.
2506 3629 2635 3692 329
2683 3645 2785 3708 sq.

437 3777 506 3839 p.
555 3761 688 3840 120
729 3765 879 3840 sq.).

531 3881 660 3950 Sed
721 3883 1086 3949 redeamus
1147 3883 1326 3948 unde
1386 3881 1883 3948 aberravimus.
1970 3878 2511 3944 Concederemus
2556 3875 2784 3942 Socra-

435 4009 584 4070 tem
629 4025 672 4072 a
715 4011 920 4089 poeta
965 4007 1332 4089 perstringi
1379 4005 1767 4085 iniuriaque
1814 4003 2017 4086 affici,
2066 4003 2123 4068 si
2173 4005 2329 4085 post
2369 3999 2789 4082 Strepsiadis

438 4131 652 4195 verba
720 4135 846 4212 (vs,
918 4131 1045 4194 738
1117 4135 1245 4210 sq.)
1313 4129 1763 4212 philosophus
1830 4129 1977 4209 ipse
2039 4128 2317 4210 rusti00,
2382 4143 2518 4190 non
2580 4125 2790 4188 nimis

435 4254 802 4335 diligenter
891 4255 1303 4336 probitatem
1388 4253 1682 4334 curanti,
1767 4255 2006 4316 auctor
2090 4253 2297 4334 esset,
2377 4253 2457 4315 ut
2522 4247 2792 4313 falleret

437 4379 828 4443 creditores.
921 4378 1031 4442 Nil
1125 4379 1264 4442 tale
1338 4381 1572 4442 autem
1649 4376 1981 4441 occurrit:
2060 4379 2261 4456 poeta
2337 4375 2446 4438 hic
2523 4389 2791 4452 quoque

439 4503 795 4568 Socratem
843 4503 1184 4568 intactum
1237 4503 1584 4582 relinquit.
1651 4501 1946 4565 Omnino
1992 4518 2130 4564 non
2178 4499 2537 4582 pollicetur
2582 4496 2791 4578 philo-

439 4629 701 4710 sophus
759 4629 906 4693 fore
966 4645 1092 4693 sua
1145 4643 1271 4708 ope
1320 4629 1400 4692 ut
1445 4626 1593 4692 voti
1639 4626 1931 4708 improbi
1978 4641 2257 4706 compos
2302 4625 2425 4688 fiat
2468 4621 2789 4704 rusticus

441 4753 560 4818 sed
641 4752 974 4832 neglectis
1046 4753 1186 4816 fere
1259 4750 1677 4832 Strepsiadis
1750 4751 1977 4815 verbis
2044 4750 2145 4814 ita
2214 4750 2438 4813 iubet:
2510 4749 2603 4810 ἴθι
2672 4772 2842 4848 νυνί
