3478 5737
1812 584 1891 647 12
2538 549 2566 618 ‘¹

681 775 1146 856 Aristophane
1193 776 1264 840 in
1315 776 1683 856 Equitibus
1729 783 1897 842 sunt
1942 778 2189 859 pictae,
2240 778 2698 842 obversantur
2746 777 3028 842 animo?

764 898 953 964 ε’.Ωστε
1022 903 1292 986 εὐσεβείᾳ
1362 903 1473 982 μὲν
1543 901 1846 986 οὐδέτεροι
1910 901 2215 982 ἐνόμιζον,
2280 901 2378 965 iba
2438 900 2753 982 perhibet»
2796 918 3019 964 rerum

680 1024 1004 1106 scriptor3
1085 1025 1585 1108 Aristophanes
1667 1027 1736 1092 in
1810 1028 1871 1092 N
1880 1029 2109 1092 uhium
2184 1025 2416 1090 fabula
2485 1025 2681 1089 nobis
2753 1027 3029 1106 praebet

679 1148 1094 1232 exemplum,
1158 1168 1365 1230 quam
1428 1152 1627 1218 facile
1691 1151 2123 1234 Strepsiades
2182 1149 2490 1236 εὐσέβειαν
2555 1167 2753 1214 suam
2802 1151 3025 1214 valere

679 1271 875 1337 iubat
918 1274 1328 1340 creditorum
1376 1276 1829 1342 fallendorum
1878 1295 2100 1342 causa.

775 1403 902 1461 Καὶ
966 1402 1049 1463 τὸ
1109 1402 1418 1483 εὔηθες,
1481 1400 1554 1465 οὗ
1603 1406 1670 1466 τι)
1717 1417 2006 1480 γενναῖον
2056 1401 2346 1465 πλεῖστον
2392 1402 2643 1484 μετέχει,
2690 1425 3022 1479 καταγε-

682 1522 988 1588 λασθὲν
1038 1527 1378 1608 ἠφανίσθη.
1438 1525 1642 1590 Hisce
1689 1527 1921 1592 Verbis
1968 1528 2187 1592 totius
2224 1541 2336 1592 τοῦ
2383 1526 2662 1590 ”Αδι’κου
2696 1525 2789 1604 (in
2830 1525 3030 1589 Nubi-

681 1649 834 1725 bus)
879 1651 1499 1729 argumentationis
1544 1651 1969 1731 propositum
2018 1651 2513 1730 quodammodo
2562 1649 3027 1714 circumscribi

682 1771 962 1838 dixeris

773 1900 900 1959 Καὶ
949 1899 1009 1959 οἷ
1054 1896 1423 1980 φαυλότεροι
1470 1899 1730 1981 γνώμην
1780 1903 1863 1971 ὡς
1912 1902 1988 1962 τὰ
2022 1897 2213 1963 πλείω
2250 1901 2710 1980 περιεγίγνοντο
2772 1933 2829 1942 -·
2870 1913 3022 1961 cum

682 2020 809 2084 hoc
847 2038 1074 2087 rerum
1115 2025 1324 2102 statU,
1357 2039 1398 2086 a
1437 2023 1827 2104 Thucydide
1868 2023 2229 2104 descripto,
2268 2023 2581 2108 congruit
2614 2037 2724 2087 τοῦ
2755 2022 3027 2085 ’Λὸίκου

681 2147 907 2224 Λόγου
955 2145 1025 2210 in
1075 2146 1388 2211 Nubibus
1433 2146 1725 2212 victoria
1772 2148 1882 2225 (cf.
1933 2147 2114 2212 Part.
2164 2147 2197 2210 Ι
2242 2165 2299 2212 c.
2338 2146 2432 2226 Ι).

779 2267 904 2357 7,τῷ
969 2276 1090 2352 γὰρ
1153 2271 1416 2335 δεδιέναι
1480 2274 1548 2335 τό
1613 2297 1672 2335 τε
1735 2279 1947 2336 αὑτῶν
2012 2272 2204 2346 ἐνδεὲς
2266 2277 2369 2336 καὶ
2433 2276 2500 2336 τὸ
2549 2285 2673 2335 τῶν
2722 2272 3025 2335 ἐναντίων

687 2396 965 2471 ξυνετόν,
1012 2403 1096 2479 μὴ
1148 2395 1354 2475 λόγοις
1401 2423 1461 2460 τε
1507 2396 1731 2480 ἣσσους
1780 2393 1890 2460 ὦσι
1940 2402 2043 2460 καὶ
2090 2400 2154 2460 ἐκ
2206 2411 2314 2462 τοῦ
2366 2396 2769 2478 πολυτρόπου
2816 2401 3024 2460 αὐτῶν

687 2535 795 2605 τῆς
841 2525 1093 2607 γνώμης
1142 2519 1428 2604 <pedamen
1477 2522 2165 2608 προεπιβουλευόμενοι,
2213 2523 2535 2607 τολμηρῶς
2576 2526 2729 2604 πρὸς
2770 2525 2849 2585 τὰ
2880 2521 3026 2603 ἔργα

688 2647 1026 2734 ἓχώρουν.”
1079 2650 1190 2714 Sic
1228 2649 1295 2713 in
1338 2649 1647 2713 Nubibus
1680 2651 1881 2730 poeta
1916 2649 2375 2730 Strepsiadem
2416 2649 2618 2713 finxit
2650 2648 2715 2712 id
2754 2651 3025 2712 tantum

685 2778 1022 2856 agentem,
1075 2777 1152 2838 ut
1201 2787 1308 2836 τοῦ
1355 2772 1612 2855 ἥττονος
1659 2770 1853 2851 λόγου
1902 2790 2027 2854 ope
2075 2776 2432 2854 superaret
2475 2791 2553 2838 ac
2594 2773 3029 2838 defraudaret

685 2899 1079 2964 creditores.

772 3022 850 3087 In
900 3022 1286 3087 huiusmodi
1335 3024 1755 3105 κακοτροπίας
1800 3023 2037 3101 (Thuc.
2085 3022 2186 3085 III
2234 3022 2343 3097 83)
2392 3022 2819 3103 temporibus
2866 3039 3023 3101 quo-

685 3147 870 3211 niam
955 3148 1291 3212 vivebant
1377 3147 1694 3212 Socrates
1784 3146 2433 3235 Aristophanesque,
2528 3146 2687 3225 quid
2778 3146 3023 3209 mirum

685 3270 1035 3335 Socratem
1095 3289 1136 3335 a
1196 3271 1464 3336 civibus
1525 3271 1670 3336 suis
1728 3288 1974 3352 parum
2036 3287 2186 3333 esse
2249 3248 2717 3351 aestimatum,
2769 3270 3027 3334 Aristo·

684 3396 978 3476 phanem
1027 3412 1296 3475 semper
1345 3396 1594 3475 ubique
1643 3394 1873 3477 populi
1922 3394 2156 3458 risisse
2204 3394 2482 3458 studia?

774 3518 1074 3583 Eandem
1121 3519 1288 3583 adeo
1337 3536 1542 3598 quam
1594 3518 2023 3600 Thucydides
2068 3518 2280 3581 refert
2324 3535 2366 3581 a
2402 3534 2560 3581 vero
2601 3519 3025 3597 honestoque

685 3641 1169 3721 digressionem
1218 3643 1615 3724 saepissime
1653 3642 2050 3706 invenimus
2090 3642 2473 3722 expositam
2526 3624 2595 3704 in
2645 3642 2800 3705 aliis
2840 3642 3029 3705 Aris·

683 3766 1049 3847 tophaneis
1107 3766 1492 3830 comoediis.
1564 3766 1803 3830 Veluti
1852 3765 1921 3829 in
1972 3764 2461 3829 Ecclesiazusis
2508 3770 2633 3842 (vs.
2683 3766 2809 3829 763
2858 3770 3026 3844 sqq.)

685 3892 876 3969 rogat
921 3894 1078 3971 ἀνήρ
1127 3893 1196 3953 Α
1245 3890 1540 3953 alterum
1589 3889 1847 3953 civem:

1085 4016 1144 4077 τί
1191 4012 1290 4090 δ’,·
1337 4018 1472 4099 οὺχὶ
1524 4021 1883 4097 πειθαρχεῖν
1933 4040 2004 4093 με
2055 4026 2182 4085 τοῖς
2230 4014 2472 4093 νόμοισι
2520 4014 2651 4089 δεῖς

775 4138 1099 4218 Sequitur
1143 4139 1504 4204 altercatio
1553 4138 1636 4203 de
1685 4139 1913 4218 legum
1960 4138 2321 4218 obsequio:

952 4268 1110 4345 ἀνήρ
1159 4271 1268 4327 B:
1317 4266 1611 4341 ποίοισιν,
1661 4260 1709 4327 ὦ
1760 4264 2061 4345 δύστηνε,·

1932 4390 2044 4450 Α.·
2090 4399 2217 4459 τοῖς
2265 4386 2671 4465 δεδογμένοις.

959 4518 1059 4575 Β.·
1108 4513 1606 4591 δεδογμένοισινς
1653 4513 2049 4595 &ganam-og
2097 4508 2237 4593 ἧσθ’
2286 4512 2426 4592 ἄρα.

955 4641 1071 4702 Α.·
1119 4640 1421 4721 ἀνόητοςς
1489 4644 1591 4702 Β.·
1639 4642 1711 4701 οὗ
1759 4642 1919 4719 γάρ,·
1966 4636 2381 4720 ἠλιθιώτατος
2426 4638 2535 4717 μὲν
2586 4631 2696 4697 οὖν

1131 4764 1629 4839 ἁπαξαπάντων.
1699 4767 1816 4827 Α.·
1866 4761 1959 4828 ὅτι
2010 4767 2077 4826 τὸ
2126 4765 2501 4843 ταττόμενον
2550 4775 2751 4837 nouo,-
