3478 5737
1522 586 1609 651 89

392 785 485 849 Sic
550 784 805 864 pergit:
875 782 983 863 ἀφ’
1049 781 1123 846 οὗ
1186 782 1628 866 στοχαζόμενοί
1690 782 1850 855 τινές
1917 804 2106 861 φασιν
2172 780 2265 844 ὅτι
2329 782 2482 864 μηδ
2500 806 2584 860 εμ
2609 795 2738 853 ιᾶς

390 908 681 993 ἔχθρας
773 912 1007 993 χάριν
1098 908 1573 990 Ἀριστοφάνης
1659 906 1800 989 ἧκεν
1871 909 1970 969 ἐπὶ
2045 912 2156 989 τὴν
2229 920 2353 970 τῶν
2427 906 2730 986 Νεφελῶν

392 1036 660 1117 ποίησιν,
730 1032 796 1107 ὃς
864 1060 931 1112 γε
999 1038 1150 1114 μήτε
1212 1034 1374 1096 ἴδιόν
1438 1059 1496 1097 τι
1556 1036 1708 1113 μήτε
1771 1035 2106 1115 ἁρμόττον,
2167 1031 2330 1095 ἀλλὰ
2377 1033 2531 1116 μηδὲ
2581 1036 2734 1113 πρὸς

385 1158 451 1224 ἓν
497 1160 779 1243 ἷγκλημα
828 1157 977 1243 ἦλθε
1024 1162 1425 1241 Σωκράτους.
1474 1158 1587 1223 δύο
1635 1164 1754 1241 γὰρ
1803 1159 1940 1223 κατ’
1991 1164 2188 1229 αὐτοῦ
2235 1172 2433 1223 ταῦτα
2479 1162 2729 1239 προθεὶς

390 1286 771 1369 ἔγκληματα,
855 1291 923 1351 τὸ
1010 1292 1143 1369 περὶ
1222 1300 1335 1351 τοῦ
1404 1292 1699 1368 οὐρανοῦ,
1769 1284 1862 1349 ὅτι
1935 1288 2058 1348 ἐστὶ
2135 1290 2408 1363 πνιγεὺς,
2479 1289 2581 1347 καὶ
2649 1288 2733 1355 ὡς

390 1410 600 1484 ἱκανός
662 1415 786 1475 ἔστι
836 1417 941 1476 τὸν
992 1412 1157 1495 ἥττω
1206 1411 1393 1489 λόγον
1442 1412 1753 1474 διδάσκειν
1803 1416 1904 1473 καὶ
1959 1415 2064 1475 τὸν
2115 1414 2456 1493 κρείττονα,
2505 1416 2574 1473 τὸ
2621 1413 2732 1489 μὲν

388 1541 596 1599 κοινὸν
665 1550 789 1600 τῶν
854 1534 1213 1617 φιλοσόφων
1276 1540 1579 1601 ἁπάντων
1642 1540 1953 1619 ἐπήγαγεν
2016 1535 2316 1619 ἔγκλημα,
2365 1540 2432 1597 τὸ
2481 1536 2546 1597 δὲ
2594 1536 2734 1597 οὐδὲ

392 1666 461 1725 τὸ
520 1661 787 1726 σύνολον
850 1664 1243 1726 ἐπικοινωνεῖ
1288 1661 1645 1745 φιλοσοφίᾳ.
1715 1668 1804 1727 οὐ
1851 1667 2000 1743 γὰρ
2051 1676 2290 1724 τοῦτο
2337 1660 2736 1738 inempti).-

390 1786 685 1852 λονται
733 1790 807 1851 οἱ
855 1786 1325 1869 φιλόσοφοι,
1374 1788 1702 1861 δεινοὺς
1752 1792 2129 1869 ποιήσειν
2171 1786 2478 1865 λέγειν·
2518 1786 2732 1848 ἴδιον

388 1912 471 1975 δὲ
517 1916 604 1975 τὸ
670 1924 1003 1977 τοιοῦτο
1066 1910 1381 1993 μᾶλλον
1446 1915 1908 1997 ῥητορικῆς.
1957 1911 2006 1990 1)
2069 1916 2151 1985 ὡς
2212 1912 2310 1975 ἐπ’
2367 1910 2740 1992 ἀμφοτέροις

388 2042 496 2101 τὸν
542 2035 885 2117 φιλόσοφον
938 2040 1327 2120 καθαρεύειν.

478 2162 668 2243 Quod
730 2162 987 2227 attinet
1040 2162 1122 2226 ad
1174 2163 1691 2227 criminationes
1738 2162 2120 2227 Socraticos
2165 2159 2525 2241 pecuniam
2572 2159 2738 2223 acci-

389 2302 551 2367 pere
619 2288 693 2351 Οῒ.
763 2290 871 2351 τὸν
936 2286 1103 2370 ἥττω
1170 2286 1357 2365 λόγον
1422 2288 1733 2352 διδάσκειν
1800 2290 1903 2351 καὶ
1970 2290 2074 2349 τὸν
2125 2286 2400 2367 κρείττω,
2449 2299 2582 2347 non
2632 2288 2742 2347 est

391 2409 964 2493 obliviscendum,
1035 2413 1377 2477 rusticum
1446 2430 1620 2493 quae
1683 2412 1888 2477 fando
1949 2411 2316 2475 audiverat
2379 2410 2734 2487 tamquam

390 2550 557 2599 vera
616 2551 1174 2619 commemorare,
1238 2543 1481 2619 poetae
1526 2540 1758 2603 autem
1809 2536 2027 2619 ipsius
2073 2535 2460 2617 opinionem
2511 2532 2738 2597 celan‘.

389 2658 575 2740 Quae
642 2664 937 2725 annotat
981 2661 1402 2743 scholiastes,
1430 2662 1479 2741 2)
1548 2680 1629 2727 ea
1676 2662 1916 2742 utique
1963 2660 2276 2725 sciebant
2320 2660 2742 2740 spectatores

389 2783 762 2864 sapientes,
812 2785 1011 2851 Sitne
1058 2786 1432 2852 verisimile
1481 2787 1591 2851 hic
1634 2787 1775 2851 illic
1813 2786 1998 2850 inter
2031 2786 2453 2867 spectatores
2485 2782 2740 2846 sedisse

388 2907 897 2990 brutissimum,
964 2911 1080 2989 qui
1141 2929 1367 2976 revera
1426 2913 1735 2978 crederet
1797 2911 2236 2993 philosophos
2298 2914 2404 2974 τὸν
2471 2906 2744 2992 τυχόντα

386 3033 631 3100 dooere
692 3040 799 3100 τὸν
862 3035 1083 3100 ἄδικον
1146 3034 1355 3116 λόγον,
1415 3036 1457 3100 i.
1502 3053 1559 3102 e.
1610 3035 2051 3100 institutione
2099 3053 2224 3098 sua
2270 3035 2334 3098 id
2385 3051 2606 3113 agere,
2661 3037 2740 3096 ut

386 3157 803 3240 discipulum
837 3159 1201 3224 redderent
1234 3178 1437 3240 quarn
1474 3160 1957 3240 pravissimum
1996 3159 2737 3240 improbissimumquo,

388 3281 458 3346 id
506 3299 643 3346 non
691 3287 890 3348 curat
935 3285 1239 3348 comicus
1286 3301 1506 3364 neque
1553 3285 1619 3348 id
1658 3301 1896 3348 curare
1929 3301 2100 3365 opus
2130 3283 2194 3346 ci
2227 3283 2381 3363 fuit,
2416 3283 2738 3362 quoniam

392 3406 717 3470 universo
776 3407 1049 3471 theatro
1096 3407 1159 3470 id
1211 3407 1485 3488 quidem
1534 3425 1695 3472 mox
1745 3407 2183 3489 perspicuum
2231 3407 2374 3470 fore
2420 3424 2543 3470 suo
2591 3407 2740 3470 iure

388 3531 713 3611 sperabat
757 3547 964 3610 quam
1013 3531 1343 3596 stolidum
1390 3531 1631 3596 rustici
1672 3531 2036 3596 consilium
2075 3531 2342 3610 fuisset,
2382 3530 2498 3609 qui
2533 3529 2738 3594 credi·

387 3653 608 3718 disset
674 3671 749 3718 se
809 3655 1179 3720 creditores
1240 3656 1475 3720 fallere
1538 3673 1734 3736 posse
1783 3655 2043 3720 auxilio
2090 3669 2201 3720 τοῦ
2251 3655 2476 3718 ἀδίκου
2524 3645 2735 3733 λόγου.

388 3777 463 3842 Si
532 3777 709 3842 sorte
780 3777 1138 3859 paululum
1209 3779 1377 3844 insit
1437 3780 1893 3859 malignitatis
1951 3797 2110 3860 erga
2171 3779 2607 3862 philosophos
2668 3781 2738 3842 in

390 3902 820 3979 universum,
893 3903 1048 3982 quis
1116 3904 1242 3968 hoc
1312 3908 1555 3984 poetae
1626 3903 1958 3968 hilaritati
2028 3904 2534 3984 festivitatique
2601 3921 2736 3967 non

386 4079 508 4134 Av.
556 4077 727 4154 1000,
772 4077 1089 4153 locumque
1134 4077 1293 4156 apud
1336 4077 1645 4138 Pollucem
1674 4077 1782 4150 (X.
1815 4079 1946 4150 54):
1974 4079 2073 4134 τὸν
2097 4083 2314 4150 πνιγέα
2357 4079 2470 4133 ἐντι
2514 4079 2738 4134 ἵππου

388 4173 717 4251 legendum
760 4193 893 4234 esse
936 4181 1143 4234 censet
1183 4174 1296 4234 hoc
1336 4174 1561 4234 scholio
1604 4175 1789 4233 duce:
1837 4195 1894 4231 τ’.
1941 4193 2036 4232 m.
2091 4178 2207 4231 ἐπι
2252 4175 2634 4240 Ἵππωνος.

472 4271 523 4350 l)
602 4271 719 4331 Est
770 4271 1157 4332 nihilominus
1198 4271 1649 4331 concedendum
1690 4272 1991 4348 sophistas
2032 4271 2388 4330 rhetoricam
2432 4291 2567 4330 cum
2609 4272 2738 4348 phi-

389 4367 661 4447 losophia
714 4369 1043 4446 copulasse.
1110 4369 1513 4430 Philostratus
1570 4369 1670 4444 (de
1710 4369 1874 4428 Vitis
1917 4369 2118 4446 Soph,
2163 4371 2226 4428 iu
2267 4370 2597 4444 Prooemio,
2641 4369 2736 4428 ed.

392 4464 591 4525 Olear.
649 4487 707 4544 p.
764 4467 905 4530 480)
963 4469 1073 4541 τὴν
1116 4472 1382 4545 ἀρχαίαν
1425 4466 1793 4544 σοφιστικὴν
1839 4472 2014 4525 vocat
2058 4467 2476 4544 ῥητορικὴν
2523 4472 2737 4538 φιλο-

392 4563 643 4640 σοφοῦ
657 4582 823 4621 σαν.

473 4663 521 4734 2)
580 4661 685 4720 Ad
746 4681 839 4721 ve.
896 4663 1003 4720 98:
1065 4666 1161 4718 καὶ
1221 4667 1391 4719 τοῦτο
1448 4664 1803 4735 ψεῦδος,...
1865 4662 2044 4726 οὐδεὶς
2101 4667 2222 4740 γάρ
2280 4661 2502 4738 μισθὸν
2546 4665 2738 4720 ἐτέλει

394 4761 725 4837 Σωκράτει,
771 4762 893 4816 ἐπεὶ
940 4761 1205 4825 κάκεῖνος
1248 4759 1485 4834 ἔφασκε
1527 4761 1712 4836 μηδὲν
1756 4761 1985 4816 εἰδέναι.
