3478 5737
1832 590 1957 654 176

714 804 860 867 cap.
932 786 984 868 Ι,
1047 791 1084 863 g
1153 787 1237 862 2).
1324 786 1427 851 Ex
1512 787 1772 851 talibus
1839 790 2144 868 apparet,
2217 794 2295 851 ut
2363 787 2700 867 equidem
2751 786 3067 867 arbitror,

714 911 1042 975 mortales
1112 911 1433 975 innatum
1498 910 1845 977 libertatis
1905 910 2263 976 absolutae
2325 911 2658 993 studium,
2719 910 3075 975 societatis

713 1050 871 1115 ergo
964 1034 1413 1114 refrenatum,
1508 1033 1807 1100 libenter
1895 1033 1978 1097 ad
2073 1033 2402 1115 exiguum
2497 1037 2775 1115 tempus
2859 1034 3074 1098 frenis

716 1158 1085 1222 liberatum
1149 1157 1280 1222 sibi
1346 1156 1617 1237 fingere,
1667 1158 1831 1221 dum
1879 1157 2140 1221 nemini
2191 1158 2284 1222 sit
2330 1159 2579 1223 damno
2627 1158 2733 1235 (cf.
2780 1174 2954 1239 quae
3001 1158 3071 1221 in

719 1280 1071 1346 Prooemio
1148 1280 1457 1345 diximus
1538 1282 1621 1345 de
1708 1285 1897 1346 terra
1979 1282 2290 1347 fabulosa
2373 1299 2498 1347 nec
2582 1299 2718 1346 non
2807 1282 3072 1346 Mulieri

720 1406 1101 1486 strubingii
1158 1406 1390 1488 verba,
1440 1424 1614 1486 quae
1662 1405 1909 1471 Latine
1957 1373 2377 1471 reddidimus
2421 1426 2486 1489 p.
2538 1406 2707 1484 110).

804 1660 840 1731 g
886 1655 947 1718 4.
1012 1654 1155 1718 Iam
1206 1654 1564 1719 videamus
1612 1654 1695 1718 de
1745 1671 2150 1719 scaenarum
2203 1654 2810 1719 festivissimarum
2861 1655 3072 1719 rebus

718 1778 1028 1857 singulis.

804 1902 1056 1967 PAs1As
1118 1902 1189 1966 in
1251 1918 1572 1967 scaenam
1635 1902 1861 1983 prodit
1923 1906 2047 1983 (vs,
2116 1903 2327 1979 1214).
2414 1903 2857 1985 Spectatores
2903 1902 3069 1983 ipse,

718 2028 953 2107 utpote
1014 2041 1307 2107 persona
1369 2040 1549 2089 nova
1611 2042 1691 2089 ac
1753 2024 2011 2105 ignota,
2074 2025 2292 2103 docet,
2357 2026 2512 2106 quis
2567 2026 2680 2108 sit,
2731 2025 2888 2106 quid
2939 2025 3068 2090 sibi

718 2148 907 2213 velit.
955 2148 1400 2214 Paucissimis
1448 2148 1697 2229 verbis,
1751 2149 1926 2228 quod
1976 2148 2168 2214 decet
2213 2153 2438 2214 artem
2478 2151 2826 2230 comicam‚
2869 2152 3071 2231 poeta

717 2273 866 2337 eius
946 2272 1249 2337 indolem
1320 2272 1602 2353 probam
1672 2272 2173 2352 consiliumque
2241 2291 2536 2353 aequum
2609 2273 3072 2338 adumbravit.

719 2397 1088 2461 Pecuniam
1162 2400 1476 2462 mutuam
1546 2396 1710 2461 olim
1782 2398 2024 2479 amico,
2086 2398 2168 2462 ad
2230 2399 2482 2464 incitas
2528 2400 2826 2480 redacto,
2877 2399 3070 2461 dene·

716 2538 874 2602 gare
922 2521 1181 2601 noluit3
1229 2521 1479 2587 melius
1527 2521 1758 2585 fuerat
1807 2526 1970 2586 tunc
2007 2522 2546 2589 misericordiam
2585 2523 3070 2604 compressisse

718 2644 1153 2724 frontemque
1200 2644 1637 2725 perfricuisse
1686 2648 1758 2709 et
1805 2644 2200 2727 deposuisse
2246 2647 2572 2728 pudorem
2621 2663 2826 2727 quam
2866 2661 3071 2727 popu-

722 2768 849 2832 lari
923 2768 1142 2833 amico
1210 2786 1393 2832 nunc
1464 2784 1537 2832 se
1606 2770 1928 2849 praebere
1996 2769 2376 2834 inimicum.
2447 2770 2894 2851 Perspicuum
2965 2772 3072 2834 est

712 2873 968 2958 'idcirco
1016 2897 1287 2975 poetam
1336 2892 1746 2957 creditorem
1783 2893 2215 2974 proposuisse
2250 2896 2498 2960 nobilis
2527 2894 2781 2974 ingenii
2819 2893 3068 2974 virum,

725 3019 803 3081 ut
869 3017 1206 3098 oppositio
1275 3016 1459 3080 inter
1525 3015 2042 3081 fraudulentum
2111 3019 2450 3082 rusticum
2523 3035 2603 3082 ac
2667 3017 3067 3082 creditorem

722 3141 1031 3220 probum,
1111 3139 1527 3204 comicorum
1588 3140 1962 3204 effectuum
2019 3141 2261 3222 gratia,
2324 3159 2527 3222 quarn
2593 3142 2900 3206 maxima
2961 3139 3072 3204 sit.

722 3263 1143 3345 Quibusnam
1192 3279 1378 3327 nunc
1429 3263 1648 3327 utitur
1696 3264 1998 3329 rusticus
2041 3267 2487 3347 argulnentiS‚
2537 3239 2616 3331 ut
2661 3269 2894 3330 arceat
2939 3281 3071 3328 cre·

722 3387 1065 3452 ditorem?
1136 3387 1427 3470 Pasiam,
1494 3389 1840 3453 dicentem
1892 3405 2026 3469 quo
2073 3390 2358 3454 consilio
2405 3391 2661 3473 veniat,
2711 3409 2803 3454 sc.
2852 3391 2910 3462 ἐς
2957 3395 3069 3469 τὴν

718 3512 866 3598 ’ἕνην
914 3539 973 3578 τε
1022 3518 1123 3576 καὶ
1186 3514 1456 3589 νέαιι...,
1505 3512 1926 3594 interpellat,
1975 3516 2402 3594 spectatores
2448 3515 2896 3579 contestando
2941 3519 3068 3594 (vs.

730 3640 891 3703 1221
946 3641 1104 3718 sqq:

1735 3747 2128 3828 μαρτύρομαι

1259 3859 1353 3924 ὃτι
1401 3863 1459 3934 ἐς
1507 3859 1606 3924 δύ’
1650 3857 1818 3925 εἶπεν
1868 3864 2114 3946 ἡμέρας.

814 3985 1027 4050 Nihili
1074 3985 1203 4050 hoc
1248 4001 1398 4050 esse
1444 3989 1954 4068 argumentum,
2005 3986 2224 4050 sentit
2269 4003 2495 4051 cavea.
2567 3985 2804 4052 Pasias
2851 4002 2923 4050 se
2969 3985 3066 4049 nil

724 4109 1119 4188 intellegere
1202 4110 1512 4189 gestibus
1591 4113 1663 4174 et
1730 4110 1933 4175 vultu
1995 4109 2353 4190 significat.
2425 4111 2713 4191 Roganti
2777 4111 3066 4175 rustico:

723 4249 878 4312 „roo
948 4232 1343 4318 χρήματος,·”
1408 4235 1479 4298 in
1546 4235 1948 4300 memoriam
2013 4239 2316 4317 revocat,
2363 4253 2522 4300 cum
2569 4236 2653 4299 ad
2701 4235 3067 4299 emendum

727 4377 976 4440 equum
1043 4361 1401 4441 pecuniam
1468 4364 1782 4424 mutuam
1846 4360 2245 4441 sumpsisse.
2317 4360 2404 4423 Et
2460 4360 2585 4422 hoc
2632 4377 2869 4423 verum
2919 4376 3068 4422 esse

730 4505 898 4512 —--——
917 4505 1048 4510 ---

724 4572 1079 4630 imitationis
1123 4572 1246 4628 vim
1289 4572 1577 4628 comicam
1606 4577 1920 4648 expertum
1949 4569 2155 4648 fuisse,
2187 4589 2698 4647 supervacaneum
2725 4575 2820 4628 est
2845 4569 3064 4628 dicere.

726 4669 801 4727 In
856 4675 1119 4728 mentem
1162 4669 1331 4727 venit
1372 4668 1609 4727 Cleanti
1649 4669 2099 4744 Angelicaeque
2141 4667 2444 4726 fraudium
2487 4669 2597 4745 (Le
2641 4667 2873 4726 malade
2923 4667 3068 4725 ima-

728 4769 962 4844 ginaire
1003 4767 1174 4844 Acte,
1219 4767 1305 4843 11,
1350 4767 1529 4826 scene
1570 4767 1621 4844 I,
1666 4767 1750 4844 ΙΙ,
1795 4767 1895 4824 ΙΠ
1938 4767 2096 4844 cet).
