3478 5737
1539 572 1664 637 187

425 764 930 847 philosophiam
1013 765 1256 849 ipsam,
1343 767 1459 833 sed
1536 771 1645 833 τὸν
1707 767 1945 853 ἥττονα
2012 770 2291 833 tantum
2362 767 2573 849 λόγον,
2644 786 2777 849 quo

425 889 650 969 possit
697 904 894 955 τοῖσιν
943 890 1210 965 δικαίοις
1255 890 1597 971 ἀντιλέγειν
1648 899 1775 971 (VS.
1827 893 2039 969 1339).

519 1013 662 1079 Iam
711 1015 896 1081 inter
933 1015 1300 1081 rixandum
1341 1016 1688 1083 intellexit
1724 1020 1920 1097 pater
1958 1034 2161 1081 suum
2194 1016 2525 1099 ipsissimi
2556 1016 2777 1082 filium

433 1153 710 1217 prorsus
756 1156 908 1204 esse
953 1138 1444 1221 depravatum;
1493 1140 1560 1205 id
1605 1143 1845 1206 autem
1896 1140 2334 1205 tribuendum
2383 1157 2535 1205 esse
2582 1156 2777 1205 vene·

433 1260 642 1327 fando
691 1262 791 1328 illi
839 1262 1052 1346 ἥττονι
1098 1264 1287 1347 λόγῳ,
1333 1280 1418 1329 en
1468 1265 1644 1345 quod
1693 1266 1921 1343 hom0,
1968 1264 2217 1330 iudicio
2264 1282 2509 1347 parum
2542 1264 2780 1329 subtili

433 1388 700 1466 partem
757 1388 956 1453 modo
1003 1389 1102 1455 rei
1151 1388 1589 1471 perspiciens,
1638 1388 1947 1455 nondum
1993 1389 2229 1454 sentit.
2299 1388 2470 1454 Cum
2518 1376 2782 1470 specta-

433 1511 618 1575 tores
677 1510 802 1577 filii
863 1530 1139 1579 causam
1205 1514 1330 1579 hac
1385 1512 1454 1578 in
1503 1513 1975 1579 controversia
2020 1512 2413 1578 inferiorem
2462 1514 2781 1593 habeant,

434 1636 750 1716 suspensi
833 1636 1086 1701 animis
1168 1638 1580 1719 exspectant
1662 1638 1912 1718 quibus
1986 1638 2252 1702 artibus
2319 1654 2393 1702 se
2461 1636 2785 1702 defendat

434 1762 674 1823 contra
741 1762 1031 1842 patrem,
1098 1778 1304 1841 quem
1367 1761 1677 1827 omnium
1750 1760 2092 1827 malorum
2156 1778 2435 1827 causam
2499 1762 2787 1841 ideoque

433 1881 574 1947 filio
633 1882 994 1963 aliquanto
1055 1884 1318 1949 ducunt
1377 1886 1867 1950 nocentiorem.
1940 1884 2113 1967 Quia
2172 1884 2385 1965 igitur
2443 1884 2793 1951 auditores

436 2008 877 2088 perspectum
940 2008 1217 2090 habent,
1280 2012 1546 2090 patrem
1612 2008 1698 2073 ob
1760 2024 1975 2089 prava
2020 2025 2147 2073 sua
2191 2008 2477 2075 consilia
2522 2008 2796 2074 meritas

436 2129 766 2195 daturum
818 2147 1092 2213 poenas,
1139 2130 1290 2196 eius
1335 2147 1612 2197 causam
1659 2132 1734 2197 in
1782 2132 2187 2197 universum
2236 2132 2495 2197 habent
2539 2131 2796 2197 debilio-

435 2274 596 2337 rem,
669 2253 791 2319 filii
858 2257 1092 2320 autem
1160 2254 1521 2319 iustiorem.
1616 2254 1815 2319 Hanc
1883 2257 1970 2322 ob
2039 2273 2185 2320 rem
2256 2256 2507 2321 merito
2575 2255 2793 2320 fllium

438 2396 674 2458 rogare
721 2377 1136 2459 intellegunt
1181 2384 1307 2457 (νει.
1363 2378 1592 2456 1336);

798 2502 942 2569 ἑλοῦ
988 2504 1046 2567 δ’
1095 2506 1390 2587 ὁπότερον
1438 2518 1572 2569 τοῒν
1624 2504 1837 2585 λόγοιν
1886 2503 2095 2590 βούλει
2144 2502 2365 2585 λέγειν.

533 2627 604 2693 Si
689 2632 923 2695 autem
1008 2628 1192 2694 filius
1271 2629 1469 2695 unice
1537 2634 1855 2695 uteretur
1923 2630 2549 2711 argumentatione,
2617 2646 2791 2710 quae

443 2769 690 2818 revera
751 2768 862 2819 τοῦ
923 2754 1182 2837 ἥττονος
1243 2754 1436 2834 λόγου
1497 2754 1717 2820 instar
1764 2772 1806 2819 a
1851 2756 2354 2836 spectatoribus
2401 2755 2790 2835 haberetur,

445 2879 739 2945 fortasse
807 2880 990 2962 patri
1048 2880 1242 2946 falsis
1301 2880 1734 2961 argumentis
1798 2897 1878 2944 ac
1933 2880 2159 2962 specie
2205 2883 2477 2960 poterat
2522 2896 2793 2961 persua·

444 3002 604 3068 dere
663 3020 738 3068 se
803 3003 1048 3068 merito
1107 3003 1485 3086 sumpsisse
1545 3019 1822 3086 poenas,
1882 3003 2312 3069 auditoribus
2372 3005 2611 3068 autem
2658 3019 2796 3068 non

445 3127 900 3208 satisfaceret,
963 3127 1125 3208 quia
1182 3127 1791 3210 persuasissimum
1852 3144 1989 3192 non
2038 3128 2373 3193 haberent
2421 3126 2677 3192 rustico
2724 3127 2791 3190 in

447 3254 803 3331 posterum
895 3267 1176 3332 prorsus
1241 3251 1474 3316 oculos
1543 3268 1694 3318 esse
1764 3254 2040 3333 apertos
2108 3250 2463 3331 filiumque
2532 3253 2798 3331 patrem

449 3374 844 3440 dedocuisse
891 3391 1107 3456 prava
1151 3375 1302 3440 eius
1347 3375 1598 3440 studia.

543 3498 649 3563 Ad
711 3498 836 3563 filii
898 3499 979 3563 de
1037 3497 1406 3580 Simonide,
1460 3498 1827 3580 Aeschy10,
1877 3497 2197 3580 Euripide
2244 3497 2569 3562 iudicium
2621 3498 2799 3578 quod

449 3623 726 3704 attinet,
773 3623 1059 3688 minime
1106 3623 1304 3687 nobis
1349 3621 1583 3687 licebit
1628 3625 1935 3688 statuere
1980 3624 2257 3704 poetam
2295 3621 2800 3688 Socraticorum

451 3747 708 3812 referre
763 3746 1064 3811 voluisse
1110 3747 1644 3828 persuasionem,
1694 3749 2059 3826 tamquam
2104 3745 2619 3810 stultissimam.
2684 3748 2797 3810 An

455 3871 676 3936 credis
741 3871 1220 3952 philosophum
1293 3871 1462 3935 bene
1533 3874 1880 3936 moratum
1934 3885 2305 3951 umquam,
2376 3870 2801 3952 Aeschylum

462 3993 675 4078 ψόφου
745 3993 973 4072 πλέων,
1039 3994 1412 4072 ἀξύστατον,
1480 3993 1831 4076 στόμφακα,
1882 3995 2307 4078 κρημνοποιόν
2356 3993 2681 4074 vocando,
2730 4010 2804 4058 se

457 4120 676 4186 Musis
736 4137 874 4185 non
935 4118 1289 4184 initiatum
1353 4137 1503 4184 esse
1551 4120 1885 4185 audacter
1929 4137 2093 4201 prae
2140 4135 2213 4183 se
2258 4117 2555 4184 tulisse?
2626 4117 2807 4183 Fieri

460 4247 690 4327 potest
760 4247 841 4308 ut
901 4247 1103 4326 poeta
1165 4242 1290 4309 tali
1351 4242 1914 4326 philosophorum
1978 4243 2227 4308 iudicio
2290 4242 2437 4308 suis
2497 4242 2815 4306 versibus

459 4387 610 4434 sese
660 4368 958 4434 voluerit
993 4383 1352 4450 opponere.
1403 4370 1738 4432 Attamen
1777 4367 2177 4433 meminisse
2207 4368 2500 4448 oportet,
2534 4370 2806 4448 poetam

462 4493 685 4558 filium
753 4495 1266 4573 repraesentare
1334 4491 1654 4557 debuisse
1725 4495 2085 4573 tamquam
2156 4505 2267 4556 τοῦ
2314 4491 2573 4574 ἥττονος
2622 4489 2816 4570 λόγου

463 4634 746 4700 prorsus
815 4633 1124 4697 gnarum,
1186 4629 1381 4680 τοῖσιν
1448 4616 1713 4690 δικαίοις
1777 4615 2121 4696 ἀντιλέγειν
2185 4616 2555 4698 δυνάμενον.
2639 4617 2811 4698 Quid

465 4742 720 4808 mirum
783 4741 1001 4806 filium
1063 4742 1339 4820 ἄμουσον
1401 4741 1484 4805 ad
1531 4759 1632 4822 ea,
1680 4758 1857 4821 quae
1905 4741 1975 4807 in
2024 4742 2231 4808 novis
2274 4743 2526 4808 fabulis
2570 4742 2812 4808 insunt
