3478 5737
1660 524 1667 533 ·
1791 578 1916 641 196

1172 776 1488 859 ἀεροβατῶ
1536 777 1637 835 καὶ
1688 784 2038 855 περιφρονῶ
2086 776 2194 835 τὸν
2241 771 2464 853 ἣλιον]

778 897 1089 962 Ridicula
1156 899 1399 963 haecce
1465 899 1695 963 omnia
1765 914 1933 979 esse,
2006 898 2160 977 quis
2227 914 2365 961 non
2433 896 2667 961 sentit.
2763 894 3017 977 Optimo

688 1023 831 1086 iure
898 1020 1279 1086 Socraticos
1346 1038 1419 1086 se
1486 1022 1721 1087 ulcisci
1791 1038 2194 1103 persuasum
2264 1021 2394 1085 sibi
2457 1022 2663 1085 habet
2723 1020 3018 1101 agricola

693 1150 929 1227 utpote
964 1148 1051 1211 ab
1094 1145 1181 1211 iis
1218 1147 1463 1211 misere
1493 1147 1839 1229 deceptus.
1885 1146 2056 1226 Quia
2087 1148 2511 1225 spectatores
2541 1161 2676 1208 non
2709 1145 3012 1209 eiusdem

692 1273 857 1334 sunt
916 1270 1255 1351 opinionis
1310 1274 1519 1351 atque
1579 1288 1879 1335 vesanus
1939 1273 2190 1350 noster,
2239 1270 2434 1334 facile
2479 1268 2722 1334 rustici
2770 1269 3017 1334 damno

690 1394 1043 1459 cachinnis
1099 1395 1479 1475 indulgent.
1568 1398 1625 1459 A
1690 1394 1967 1459 Socrate
2029 1398 2270 1475 poetae
2327 1394 2584 1459 comico
2643 1395 2868 1475 gratia
2911 1397 3020 1459 est

688 1518 1015 1601 habenda,
1063 1519 1237 1599 quod
1284 1523 1704 1601 spectatores
1743 1520 1825 1584 de
1857 1520 2068 1603 ἥττονι
2102 1520 2217 1584 illo
2249 1518 2417 1602 λόγῳ
2449 1519 2680 1584 docuit
2711 1518 3014 1583 meliora.

777 1768 875 1831 En
936 1768 1205 1833 fabulae
1265 1770 1534 1834 exitum
1596 1768 1667 1833 et
1728 1772 1890 1849 apte
1950 1770 2322 1835 deductum
2383 1786 2426 1835 a
2484 1768 2722 1833 rustici
2771 1768 3014 1849 indole,

687 1892 1096 1972 implacabili
1157 1893 1295 1957 iam
1353 1893 1505 1957 odio
1567 1894 1948 1975 sapientem
2013 1894 2322 1959 fallacem
2387 1892 2881 1974 persequentis,
2946 1892 3017 1957 et

686 2016 943 2098 optime
1006 2017 1372 2081 concinens
1417 2034 1573 2081 cum
1620 2018 2000 2099 philosophi
2049 2017 2406 2099 dignitate,
2454 2018 2553 2082 nil
2598 2017 2898 2099 amplius
2942 2018 3014 2080 in

685 2140 1051 2221 agricolam
1094 2140 1362 2221 agentis
1405 2140 1690 2222 ideoque
1742 2159 1876 2206 non
1925 2143 2352 2207 deflectentis
2395 2160 2438 2207 a
2483 2142 2827 2224 praeclaro
2858 2140 3012 2205 illo:

687 2269 756 2329 τὸ
802 2264 1034 2328 ἀδικεῖν
1081 2280 1193 2330 τοῦ
1238 2266 1585 2329 ἀδικεῖσθαι
1633 2268 1852 2331 κάκιον
1899 2266 2120 2343 (Plato
2169 2266 2368 2347 Gorg.
2416 2267 2544 2330 473
2595 2268 2704 2341 A).

776 2390 849 2455 Si
910 2394 1109 2472 poeta
1160 2392 1459 2456 fabulam
1506 2392 1609 2456 ita
1654 2392 2124 2474 disposuisset,
2171 2395 2250 2455 ut
2297 2391 2368 2454 in
2413 2390 2562 2455 eius
2608 2390 2742 2455 fine
2789 2390 3014 2471 Strep-

686 2514 926 2593 siadoS,
994 2515 1277 2580 meliora
1340 2516 1599 2597 doctuS,
1670 2533 1826 2581 cum
1895 2514 2172 2581 Socrate
2241 2515 2494 2580 rediret
2559 2515 2631 2578 in
2700 2514 3012 2595 gratiam,

686 2638 955 2703 fabulae
999 2637 1265 2703 exitum
1310 2638 1716 2705 reddidisset
1761 2639 2156 2719 languidum
2204 2638 2662 2719 frigidumque
2699 2638 2806 2715 (cf.
2841 2654 3013 2717 quae

553 2760 557 2765 ’
688 2762 1079 2841 Lessingius
1144 2762 1323 2827 dixit
1390 2764 1473 2827 de
1538 2763 2041 2828 comoediarum
2112 2764 2328 2844 exitu,
2401 2762 2644 2827 Hamb.
2711 2762 3014 2827 Dramat.

686 2887 921 2952 XCIX
965 2905 1029 2968 p.
1075 2887 1198 2952 581
1250 2888 1413 2954 edit.
1460 2887 1784 2953 Schroter
1831 2906 1895 2953 u.
1947 2889 2222 2964 Thiele).
2292 2889 2476 2968 Quae
2513 2891 2748 2952 autem
2787 2903 3014 2970 pugna

688 3013 869 3076 inter
936 3011 1287 3076 Socratem
1353 3017 1427 3076 et
1487 3013 1948 3094 Strepsiadem
2010 3029 2088 3077 eo
2151 3012 2532 3093 intercedit,
2595 3011 2771 3091 quod
2835 3012 3014 3092 huic,

688 3136 971 3202 minime
1060 3137 1463 3202 honorificae
1553 3137 1635 3202 de
1726 3137 2144 3218 philosophis
2223 3136 2524 3218 opinioni
2606 3136 3012 3218 indulgenti,

688 3243 1003 3326 Socrates
1048 3262 1291 3325 merito
1335 3261 1597 3342 egregie
1642 3261 1954 3343 imponit,
2003 3279 2156 3326 eam
2203 3265 2358 3344 post
2403 3267 2514 3344 τὴν
2555 3278 2728 3342 quae
2765 3261 3016 3325 dicitur

686 3390 1119 3467 καταστροφὴν
1185 3403 1321 3450 non
1366 3385 1682 3450 videmus
1727 3387 2178 3468 compositam
2227 3386 2336 3451 vel
2381 3386 2850 3467 diiudicatam,
2897 3385 3011 3450 sed

688 3513 760 3574 in
803 3527 963 3575 eum
1008 3511 1283 3576 modum
1330 3510 1825 3591 continuatam,
1878 3513 1956 3574 ut
2001 3511 2337 3576 rusticum
2377 3527 2591 3591 usque
2621 3510 2706 3574 ad
2741 3510 3012 3575 fabulae

686 3635 891 3699 finem
959 3652 1165 3714 quarn
1230 3634 1557 3699 acerrime
1618 3652 1778 3700 cum
1837 3635 2260 3716 philosophis
2317 3651 2682 3699 cernamus
2741 3637 3011 3700 conten-

688 3759 980 3824 dentem.
1029 3759 1269 3840 Itaque
1318 3738 1669 3842 poeta,'ex
1716 3760 2073 3823 amborum
2121 3759 2669 3824 adversariorum
2709 3759 3014 3824 moribus

687 3900 766 3948 ac
834 3883 1059 3948 indole
1124 3882 1463 3947 deducens
1522 3882 1752 3964 finem,
1815 3883 2042 3948 effecit
2103 3887 2181 3948 ut
2240 3887 2555 3948 extrema
2598 3881 2832 3948 fabula
2877 3899 3012 3948 non

690 4006 919 4071 minus
962 4023 1169 4087 quam
1218 4006 1439 4072 media
1483 4010 1945 4086 spectatorum
1992 4011 2268 4088 caperet
2312 4009 2596 4073 animos,
