3478 5737
1761 593 1842 655 76

621 785 1021 864 belachelijk
1070 790 1141 849 te
1192 786 1475 849 maken:
1522 786 1655 850 alle
1694 787 2092 866 wiJ'sgeeren
2132 804 2216 850 en
2253 787 2688 850 hervormers
2718 785 2970 849 lokken

622 910 903 973 daartoe
972 910 1095 990 uit,
1168 927 1253 973 en
1326 910 1645 973 niemand
1717 910 1928 974 onder
2000 912 2129 974 11011
2201 911 2338 975 kan
2407 911 2509 974 dit
2583 928 2768 973 meer
2835 911 2966 973 dan

626 1033 952 1097 Sokrates
1011 1034 1275 1097 hebben
1322 1035 1605 1115 gedaan.
1678 1035 1868 1099 Maar
1914 1052 2032 1099 zoo
2082 1036 2200 1099 het
2251 1035 2702 1099 Aristofanes’
2753 1035 2970 1114 plicht

623 1176 787 1240 was
860 1160 1067 1223 dezen
1142 1159 1603 1222 volksleeraar
1674 1159 1779 1223 als
1850 1160 2176 1223 bederver
2237 1159 2355 1223 der
2411 1159 2616 1239 jeugd
2680 1177 2765 1222 en
2829 1176 2970 1222 ver·

620 1286 917 1348 woester
982 1302 1113 1347 van
1180 1285 1297 1347 het
1358 1282 1716 1363 huisgezin
1777 1287 1846 1347 te
1897 1284 2418 1365 brandmerken‚
2469 1300 2614 1347 was
2661 1283 2763 1347 dit
2811 1285 2970 1346 toch

621 1407 929 1487 waarlijk
989 1406 1355 1487 gewichtig
1416 1424 1690 1486 genoeg‚
1755 1424 1864 1471 orn
1929 1406 2323 1489 opzettelijk
2371 1406 2642 1487 gezegd‚
2692 1424 2777 1471 en
2827 1407 2973 1470 niet

620 1531 1097 1610 geinsinueerd
1182 1534 1255 1595 te
1338 1531 1613 1594 worden
1698 1531 1862 1594 door
1947 1532 2198 1595 middel
2279 1548 2415 1595 van
2485 1549 2613 1597 een
2679 1531 2970 1612 yrappiy

624 1654 913 1736 tooneel,
954 1654 1082 1717 dat
1130 1671 1257 1718 eeu
1302 1671 1469 1718 zoon
1509 1654 1637 1735 zijn
1676 1655 1888 1719 vader
1920 1655 2060 1719 luat
2091 1655 2476 1719 afranselen
2513 1657 2580 1718 in
2619 1672 2818 1718 naam
2852 1654 2971 1717 der

625 1778 1067 1842 Sokratische
1130 1778 1636 1858 wijsbegeerte3
1704 1796 1830 1841 een
1877 1779 2168 1859 moncel,
2217 1794 2540 1842 waarvan
2589 1796 2748 1842 men
2799 1777 2973 1842 later

624 1900 815 1981 altijd
866 1901 1179 1966 beweren
1227 1901 1389 1981 kari,
1438 1901 1556 1965 dat
1602 1901 1725 1965 het
1775 1918 1894 1965 zoo
1941 1902 2184 1965 kwaad
2235 1902 2382 1965 niet
2429 1918 2572 1965 was
2623 1900 2969 1965 bedoeld.”

714 2022 907 2088 Licet
952 2040 1039 2088 ex
1088 2027 1323 2089 nostra
1368 2024 1687 2105 opinione
1736 2024 2083 2088 Socratica
2130 2024 2559 2105 philosophia
2605 2024 2755 2104 ipsa
2801 2024 2974 2087 satis

627 2148 890 2211 intacta
935 2148 1483 2227 intemerataque
1532 2151 1832 2227 maneat,
1881 2151 2116 2213 tamen
2167 2147 2366 2212 facile
2413 2148 2849 2211 concedimus
2885 2164 2970 2210 ex

628 2269 1045 2351 Strepsiadis
1091 2271 1713 2349 nonnullorumque
1747 2272 2039 2335 fortasse
2072 2275 2534 2351 spectatorum
2569 2270 2970 2333 stolidorum

628 2394 978 2458 sententia
1039 2396 1109 2458 in
1173 2396 1659 2477 philosophicis
1718 2395 1971 2459 studiis
2017 2396 2312 2459 multum
2362 2394 2587 2458 inesse
2635 2392 2974 2457 stultitiae

630 2519 1157 2599 pravitatisque.
1253 2522 1589 2584 Attamen
1674 2520 1748 2583 ot
1834 2519 2260 2600 Strepsiades
2345 2519 2416 2583 ct
2482 2518 2834 2582 auditores
2901 2518 2970 2580 in

632 2643 901 2707 fabulae
987 2644 1120 2706 fine
1191 2644 1471 2709 meliora
1540 2645 1891 2709 docentur.
1993 2644 2133 2708 Hoc
2202 2649 2436 2708 autom
2508 2644 2650 2707 ioco
2723 2642 2973 2706 referre

629 2769 905 2831 tantum
958 2768 1303 2831 voluimus
1351 2770 1681 2832 lectorum
1734 2769 2326 2832 severissimorum
2377 2767 2754 2847 opiniones,
2803 2783 2974 2844 quae

630 2893 694 2955 id
768 2894 1025 2958 habent
1092 2894 1430 2974 peculiare
1500 2895 1699 2972 quod,
1773 2895 2104 2973 neglectis
2177 2892 2592 2974 Strepsiadis
2665 2892 2976 2972 partibus

631 3017 1311 3097 oppositionibusque
1396 3020 1727 3082 rusticum
1817 3019 1997 3081 inter
2065 3022 2136 3081 et
2203 3016 2704 3098 philosophum,
2778 3015 2974 3077 unice

633 3145 951 3221 spectant
1018 3142 1355 3206 rationem
1426 3159 1598 3219 quac
1672 3143 1850 3204 inter
1905 3145 2173 3220 poetam
2241 3144 2314 3202 ot
2379 3137 2709 3202 Socralem
2771 3138 2972 3201 inter·

634 3265 871 3329 cedere
918 3266 1237 3330 creditur.

726 3517 761 3586 ,ξ
808 3510 869 3574 3.
966 3510 1064 3574 Ne
1126 3512 1335 3574 nimis
1394 3528 1435 3573 a
1500 3511 1755 3574 rustico
1803 3511 2066 3590 culpari
2115 3513 2346 3590 posset
2393 3509 2728 3588 Socrates,
2779 3514 2976 3588 poeta

634 3635 865 3697 astute
928 3633 1305 3715 philosophi
1356 3638 1588 3714 partes
1636 3636 1928 3698 tuendas
1974 3633 2332 3697 mandavit
2376 3634 2594 3698 Choro
2645 3633 2704 3697 N
2714 3633 2968 3696 ubium.

638 3758 769 3822 Hic
832 3757 1095 3821 Chorus
1156 3759 1638 3837 magisotiam
1706 3759 1776 3822 in
1839 3775 2138 3822 errorem
2201 3758 2448 3820 (lucore
2513 3757 2977 3838 Strcpsiadom

639 3881 966 3944 instituit.
1038 3880 1187 3945 Vss.
1250 3882 1379 3944 8023
1438 3899 1583 3960 sqq.
1635 3882 1861 3960 palam
1909 3881 2288 3961 profitetur,
2339 3880 2500 3944 dum
2551 3880 2980 3960 Strepsiades

638 4005 916 4068 domurn
977 4005 1193 4069 intrat
1257 4009 1333 4068 ut
1390 4010 1695 4069 arcessat
1757 4006 1994 4084 filium,
2059 4023 2132 4068 se
2195 4003 2528 4068 rusticum
2593 4004 2790 4082 quasi
2839 4003 2978 4067 illa·

642 4145 927 4207 queasse
994 4145 1211 4192 vanae
1254 4107 1649 4208 ⁸sapientiae
1688 4128 2066 4210 'illecebria
2135 4129 2512 4207 suadetque
2575 4127 2836 4192 Socrati
2899 4132 2979 4190 ut

639 4251 989 4316 occasione
1049 4251 1278 4316 oblata
1336 4249 1367 4313 ὃ
1431 4278 1489 4316 τι
1551 4251 1839 4316 πλεῖστον
1903 4253 2166 4317 δύναται
2217 4256 2472 4328 utatur,
2523 4251 2851 4315 nimirum
2905 4253 2982 4314 ut

638 4375 975 4438 rusticum
1059 4392 1265 4454 quam
1350 4377 1650 4440 maxime
1732 4381 2007 4458 uryeat:
2085 4376 2586 4460 ἐκπεπληγμένος
2655 4375 2836 4438 enim
2908 4381 2982 4438 et

580 4503 585 4508 “
641 4512 918 4580 φανερῶς
962 4499 1302 4582 ἐπηρμένος
1348 4499 1567 4564 denuo
1614 4505 1721 4564 est
1771 4500 2223 4582 Strepsiades,
2269 4503 2690 4582 paratusque
2723 4497 2980 4560 ἅπαντα

640 4627 818 4704 δρᾶν,
885 4623 975 4686 ὃσ’
1043 4626 1121 4687 ἂν
1186 4623 1447 4706 κελεύῃς.
1527 4625 1908 4705 Tantopere
1972 4630 2121 4688 erat
2187 4623 2384 4688 Chori
2451 4640 2575 4704 ope
2638 4622 2981 4702 irretituS,

644 4749 759 4827 qui
808 4750 981 4812 hanc
1029 4750 1112 4812 ob
1160 4767 1304 4814 rem
1350 4749 1713 4812 admodum
1765 4749 1894 4812 sibi
1947 4749 2208 4829 placere
2251 4749 2542 4811 videtur.
