3478 5737
1590 677 1667 722 111

1538 876 1723 943 VIII.

539 1044 793 1179 flerat.
844 1075 985 1139 Sat.
1036 1074 1120 1153 ΙΙ,
1170 1074 1230 1156 3,
1278 1092 1379 1138 vs,
1430 1076 1557 1139 258
1604 1090 1786 1153 sqq.:

2171 1217 2439 1281 amator

684 1360 1009 1424 exclusus
1056 1359 1173 1439 qui
1218 1359 1453 1441 distat,
1500 1359 1644 1439 agit
1691 1359 1804 1423 ubi
1852 1375 2104 1440 secum,
2151 1361 2264 1423 eat
2308 1376 2396 1423 an
2441 1375 2600 1441 non,

683 1506 841 1581 (quo
890 1501 1241 1566 rediturus
1287 1505 1436 1566 erat
1482 1518 1615 1566 non
1662 1501 2056 1577 arcessitus)
2097 1504 2170 1565 et
2215 1501 2449 1565 haeret

684 1643 931 1707 invisis
976 1644 1287 1708 foribus?
1340 1661 1503 1727 „nec
1548 1660 1750 1724 nunc,
1798 1660 1951 1708 cum
2003 1659 2112 1707 me
2159 1646 2359 1707 vocat
2401 1642 2604 1724 ultr03

681 1786 1054 1849 accedam?
1098 1803 1185 1851 an
1236 1786 1467 1867 potius
1512 1786 1805 1849 mediter
1851 1784 2047 1849 finire
2091 1783 2417 1849 doloreS.”

552 1926 949 2008 Kiesslingii
1010 1928 1246 1993 lectio:
1314 1948 1427 2011 „ne
1490 1946 1691 2009 nunc,
1756 1945 1910 1992 cum
1975 1944 2083 1991 me
2127 1930 2316 1991 vocet
2365 1925 2564 2007 ultre,
2611 1943 2789 1991 acce·

464 2069 688 2148 dam”‚
750 2071 1073 2151 vulgatae
1134 2071 1444 2136 lectioni:
1512 2090 1662 2155 „nec
1705 2088 1909 2151 nunc,
1957 2087 2115 2135 cum
2163 2086 2272 2133 me
2319 2073 2518 2134 vocat
2563 2069 2790 2134 ultro”

466 2216 595 2293 cet,
644 2212 1083 2293 praeferenda
1128 2216 1257 2277 est.

1570 2444 1692 2507 IX.

553 2673 739 2739 Curt.
788 2674 1007 2739 Rufus
1053 2673 1178 2754 ΙΧ,
1234 2676 1289 2754 1,
1340 2676 1457 2739 25:

551 2814 621 2882 Si
692 2800 862 2897 quos
928 2817 1233 2899 insignes
1293 2820 1417 2882 aut
1482 2816 1711 2898 aliqua
1772 2821 1964 2900 parte
2025 2818 2478 2882 membrorum
2527 2816 2796 2882 inutiles

466 2963 900 3042 notaverunt,
954 2962 1179 3025 necari
1226 2961 1485 3026 iubent.

552 3099 679 3165 Pro
724 3102 991 3166 inutiles
1036 3102 1212 3181 lege:
1260 3103 1547 3166 mutilos,

1588 3384 1676 3447 X.

556 3613 907 3678 Frederico
975 3613 1231 3679 Cauero
1294 3631 1430 3679 non
1493 3615 1832 3679 assentior
1893 3614 2332 3679 contendent-i
2390 3631 2480 3678 ex
2527 3615 2793 3694 quibus-

465 3755 621 3820 dam
686 3755 909 3821 Curtii
976 3756 1129 3821 Rufi
1193 3757 1357 3821 locis
1412 3755 1554 3838 (VI,
1608 3757 1708 3837 11,
1759 3758 1880 3836 39;
1928 3754 2080 3836 VII,
2134 3756 2190 3836 1,
2243 3756 2316 3836 1;
2363 3755 2515 3839 VII,
2569 3757 2626 3838 1,
2677 3756 2756 3820 13

464 3896 581 3976 VI,
648 3899 706 3980 7,
772 3899 883 3974 33)
939 3916 1265 3980 apparere
1310 3900 1495 3965 hunc
1540 3901 1941 3980 scriptorem
1988 3899 2117 3963 sibi
2166 3897 2482 3964 habuisse
2527 3915 2794 3980 persua-

463 4057 614 4104 sum
685 4040 1027 4105 Philotam
1092 4042 1303 4106 fuisse
1364 4043 1433 4106 in
1496 4042 1695 4123 culpa
1763 4041 2021 4119 (Jahrb.
2086 4042 2130 4107 f.
2190 4041 2287 4106 Cl.
2334 4041 2572 4105 Philol.
2617 4041 2800 4106 gouer

469 4181 1119 4264 Supplementband,
1170 4185 1360 4264 1894,
1412 4203 1474 4265 p.
1525 4186 1650 4259 20).

1567 4450 1691 4514 XI.

552 4676 861 4742 Philotas
908 4677 1158 4743 iudicio
1201 4678 1655 4760 iniquissimO,
1702 4696 1859 4743 cum
1905 4679 2055 4743 eius
2099 4677 2336 4759 culpae
2372 4676 2618 4741 indicia
2653 4693 2789 4740 non

464 4818 879 4903 sufficerent,
927 4821 1173 4902 capitis
1218 4824 1326 4885 est
1372 4821 1886 4886 condemnatus,
