3478 5737
901 559 938 636 ¹
1576 599 1652 663 11

463 793 745 868 ἀνάγκας
815 791 1105 868 πίπτειν).
1203 791 1470 856 Bellum
1543 809 1706 856 Vero
1778 797 1887 858 Ost
1954 796 2156 879 βίαιος
2226 795 2621 877 διδάσκαλος,
2694 800 2812 878 qui

463 932 706 980 saevos
766 916 982 981 animi
1045 916 1336 981 affectus
1393 917 1478 981 ad
1528 918 1995 998 praesentium
2044 938 2273 985 rerum
2322 925 2586 987 statum
2634 924 2811 988 solet

462 1041 976 1106 accommodare
1023 1045 1200 1124 (πρὸς
1237 1046 1316 1104 τὰ
1355 1044 1641 1124 παρόντα
1679 1047 1789 1116 τὰς
1829 1045 2017 1126 ὀργὰς
2064 1057 2189 1108 τῶν
2232 1045 2485 1110 πολλῶν
2514 1048 2809 1128 ὁμοιοῖ).”

463 1165 576 1228 Nil
622 1165 835 1244 igitur
882 1167 1272 1231 mirandum
1321 1167 1858 1249 Aristophanem
1898 1185 2167 1248 quoque
2204 1173 2307 1234 tot
2338 1171 2407 1235 in
2442 1171 2809 1237 comoediis

463 1291 952 1371 superstitibus
999 1291 1156 1356 belli
1204 1292 1558 1356 exstitisse
1603 1290 2102 1356 adversarium.

556 1412 942 1497 „Usitatam
1008 1414 1498 1481 vocabulorum
1529 1415 2129 1494 significationem
2186 1435 2307 1499 pro
2356 1436 2427 1483 re
2475 1421 2639 1484 nata
2684 1435 2808 1483 suo

463 1537 803 1602 arbitratu
850 1539 1442 1604 immutaverunt:

553 1661 752 1743 τόλμα
797 1666 908 1745 μὲν
942 1669 1062 1748 γὰρ
1097 1662 1424 1741 ἀλόγιστος
1457 1664 1683 1746 ἀνδρία
1717 1663 2071 1747 φιλέταιρος
2102 1667 2404 1750 ἐνομίσθη
2439 1671 2809 1752 (ὠνομάσθη

467 1789 770 1870 reposuit
816 1788 1326 1854 Herwerdenus
1373 1790 1508 1853 vid.
1556 1789 1719 1853 edit.
1748 1792 2030 1870 annot),
2063 1789 2353 1874 μέλλησις
2385 1793 2449 1856 δὲ
2484 1798 2816 1876 προμηθὴς

465 1911 662 1976 δειλία
723 1917 1048 1995 εὐπρεπής,
1113 1919 1182 1977 τὸ
1246 1914 1311 1977 δὲ
1358 1926 1605 1996 σῶφρον
1655 1927 1769 1978 τοῦ
1816 1915 2139 1998 ἀνάνδρου
2186 1917 2537 2002 πρόσχημα,
2589 1923 2693 1982 καὶ
2743 1923 2813 1983 τὸ

466 2046 620 2122 πρὸς
681 2038 854 2104 ἅπαν
915 2039 1170 2114 ξυνετὸν
1220 2042 1320 2104 ἰπὶ
1371 2053 1500 2104 πᾶν
1549 2041 1767 2120 ἀργόν.
1819 2088 1833 2104 .
1904 2039 2412 2122 Aristophanes
2456 2045 2691 2108 autem
2743 2045 2811 2109 in

465 2163 768 2228 Nubium
854 2164 1084 2230 sabula
1151 2171 1280 2243 (vs
1356 2165 1524 2230 1019
1595 2168 1769 2244 sqq.)
1837 2167 1943 2227 τὸν
2018 2168 2277 2230 Δίκαιον
2355 2169 2577 2245 Λόγον
2650 2169 2817 2232 facit

466 2287 847 2353 dicentem:

1087 2420 1189 2478 καὶ
1239 2415 1619 2480 σ’ἰιναπείσει
1667 2416 1783 2496 (SC.
1833 2416 1865 2476 ὁ
1916 2413 2215 2492 ”Λδικος)

925 2544 994 2602 τὸ
1041 2543 1152 2622 μὲν
1201 2546 1455 2626 αἰσχρὸν
1505 2541 1678 2605 ἅπαν
1733 2539 1927 2604 καλὸν
1976 2523 2283 2622 ἡγεῖσθαι,

1267 2672 1338 2731 τὸ
1386 2667 1579 2732 καλὸν
1629 2665 1969 2752 δἀἶσχρόν.

557 2785 892 2852 Similiter
957 2792 1165 2858 verba
1223 2793 1694 2876 Thucydides:
1767 2797 1834 2856 τὸ
1902 2793 1964 2855 δὲ
2026 2806 2273 2877 σῶφρον
2342 2807 2453 2858 τοῦ
2499 2795 2817 2877 ἀνάνδρου

467 2911 796 2997 πρόσχημα
855 2914 926 2979 in
987 2918 1386 2982 memoriam
1434 2921 1765 2983 revocant
1811 2932 1921 2983 τοῦ
1974 2919 2251 2983 Ἀδίκου
2300 2918 2420 2984 illa
2466 2924 2594 2995 (vs.
2646 2920 2817 2983 1000

468 3042 628 3117 Sq.):
696 3042 747 3102 εἶ
817 3040 1016 3119 ταῦτ’,
1086 3037 1136 3103 ὦ
1203 3042 1544 3125 μειράκιον,
1614 3044 1802 3107 πείσει
1872 3047 2075 3127 τούτῳ
2112 3093 2125 3108 .
2166 3094 2179 3108 .
2250 3045 2357 3107 καί
2428 3066 2488 3108 σε
2558 3041 2815 3107 καλοῦσι

470 3160 937 3247 βλιτομάμμαν,
985 3182 1112 3231 nec
1155 3184 1288 3231 non
1339 3185 1443 3231 vs,
1495 3168 1664 3233 1068
1712 3170 1945 3248 sq.(cf.
1974 3170 2215 3235 Part.1
2242 3187 2383 3243 cap.
2408 3170 2472 3233 II
2500 3170 2537 3247 ξ
2569 3169 2597 3231 1
2633 3173 2705 3234 et
2729 3171 2818 3244 4.)

565 3288 953 3371 „Malebant
1029 3290 1255 3355 vocari
1320 3292 1612 3357 malefici
1684 3294 1918 3367 δεξιοί”
1991 3331 2071 3339 -—
2138 3294 2237 3358 sic
2296 3293 2669 3357 historicus
2747 3330 2808 3339 —

479 3430 724 3495 „quam
789 3414 1015 3478 stolidi
1087 3418 1343 3494 ἀγαθοί,
1415 3422 1517 3480 καὶ
1587 3415 1676 3504 τῷ
1748 3422 1857 3500 μὲν
1927 3422 2356 3504 αἰσχύνονται,
2427 3420 2527 3481 ἐπὶ
2599 3418 2662 3481 δὲ
2732 3415 2820 3505 τῷ

473 3535 924 3615 ἀγάλλονται.”
1002 3539 1174 3605 Cum
1223 3540 1408 3605 hisce
1455 3544 1835 3625 comparari
1884 3549 2193 3626 possunt,
2243 3560 2419 3625 quae
2464 3544 2818 3608 contendit

477 3666 508 3725 ὁ
554 3662 830 3737 ”Λδικος
877 3670 1005 3741 (VS.
1059 3666 1217 3729 1061
1277 3667 1434 3745 Sq.):

738 3791 866 3853 ἐπεὶ
916 3793 988 3852 σὺ
1036 3788 1139 3851 διὰ
1187 3794 1254 3853 τὸ
1302 3806 1642 3873 σωφρονεῖν
1691 3806 1777 3878 τῷ
1826 3793 2072 3857 πώποτ’
2121 3790 2271 3865 εἶδες
2321 3793 2439 3875 ἤδη

741 3897 987 3976 ἀγαθόν
1035 3924 1091 3961 τι
1139 3898 1510 3979 γενόμενον,·

567 4021 771 4086 Porro
818 4022 1110 4103 legimus
1155 4024 1332 4105 apud
1383 4023 1893 4105 Thucydidem:

567 4149 626 4209 οἱ
702 4152 821 4230 γὰρ
891 4150 952 4211 ἐν
1024 4162 1160 4219 ταῖς
1229 4146 1441 4211 πόλεσι
1511 4150 1889 4230 προστάντες
1966 4148 2097 4228 μετ’
2170 4150 2477 4228 ὀνόματος
2543 4148 2816 4227 ἑκάτεροι

478 4275 840 4355 εὐπρεποῦς,
911 4272 1196 4353 πλήθους
1266 4299 1326 4336 τε
1397 4276 1716 4355 ἰσονομίας
1780 4271 2105 4356 πολιτικῆς
2175 4278 2279 4335 καὶ
2344 4274 2818 4356 ἀριστοκρατίας

481 4400 798 4481 σώφρονος
858 4402 1238 4483 προτιμήσει,
1310 4404 1402 4462 τὰ
1471 4402 1610 4479 μὲν
1660 4403 1901 4462 κοινὰ
1949 4396 2165 4481 λόγῳ
2212 4402 2819 4477 θεραπεύοντες

481 4520 692 4587 ἆθλα
777 4528 1240 4601 ἐποιοῦντο,
1325 4529 1518 4588 παντὶ
1591 4525 1654 4587 δὲ
1727 4524 1937 4606 τρόπῳ
2008 4524 2454 4605 ἀγωνιζόμενοι
2525 4521 2817 4605 ἀλλήλων

482 4652 943 4733 περιγίγνεσθαι
990 4648 1335 4735 ἐτόλμησάν
1386 4676 1447 4713 τε
1493 4654 1570 4713 τὰ
1618 4650 1966 4714 δεινότατα.
2020 4698 2034 4713 .
2096 4649 2338 4714 Nonne
2386 4648 2602 4731 nobiS,
2650 4648 2820 4713 haec

482 4774 886 4858 legentibUS,
936 4775 1206 4841 Cleonis
1253 4775 1674 4854 Isiciariique
1723 4774 2079 4856 imagines,
2119 4774 2691 4854 quemadmodum
2732 4774 2818 4837 ab
