3478 5737
1591 594 1676 657 59

458 795 698 855 autem
759 789 1115 868 sciremuS,
1177 788 1436 869 opinor,
1484 804 1837 869 quemnam
1884 786 2209 850 hominem
2248 788 2281 848 ὁ
2331 785 2545 857 ἄδικος
2593 787 2809 863 Λόγος

459 911 1152 995 repraesentaverit.”

554 1037 662 1102 Ad
733 1054 836 1100 ve.
911 1037 1118 1100 1065:
1195 1036 1556 1119 „Ceterum
1625 1035 1755 1099 hoo
1822 1035 1967 1100 1000
2038 1038 2109 1099 et
2180 1052 2281 1099 VS.
2348 1037 2479 1099 876
2541 1033 2812 1099 collatis

459 1163 704 1227 oborta
757 1161 928 1225 mihi
974 1163 1082 1225 est
1129 1160 1426 1243 suspicio
1475 1159 1821 1224 Iniustum
1870 1159 2473 1247 vultusHyperboli
2504 1177 2809 1240 praecep-

465 1289 668 1350 torem
715 1284 1054 1365 retulisse,
1104 1282 1418 1364 quisquis
1464 1285 1598 1349 fuit
1645 1283 1760 1347 1116
1808 1283 2341 1364 sophistarum.”

557 1407 884 1473 Nostram
953 1407 1035 1471 de
1107 1407 1468 1488 utriusque
1538 1405 1763 1487 Λόγου
1826 1407 2201 1472 certamine
2247 1407 2637 1487 opinionem
2686 1423 2813 1470 nos

463 1531 796 1613 impedire
842 1531 1212 1610 quominus
1259 1531 1387 1596 hac
1431 1531 1503 1596 in
1550 1549 1626 1597 re
1674 1532 2085 1597 Leeuwenio
2121 1531 2605 1612 assentiamur,
2648 1547 2811 1594 mox

463 1655 824 1737 apparebit
869 1655 934 1736 (ξ
963 1655 1088 1734 10).
1155 1655 1288 1720 Η10
1333 1658 1613 1721 tantum
1651 1657 2020 1721 observare
2054 1655 2257 1720 liceat
2289 1671 2413 1720 nos
2448 1655 2581 1719 nisi
2613 1655 2811 1719 fallor

463 1779 738 1844 nullum
788 1779 1037 1843 habere
1077 1777 1428 1860 indicium,
1464 1797 1596 1859 quo
1629 1783 1937 1844 statuere
1970 1779 2316 1861 possimus
2349 1784 2645 1859 quatuor
2676 1778 2816 1842 illis

461 1902 652 1984 locis,
699 1919 742 1966 6
783 1896 862 1965 v⁰
910 1897 1024 1966 01⁰.
1058 1901 1350 1983 collatiS,
1383 1921 1594 1968 unum
1623 1904 2019 1986 eamdemque
2052 1901 2296 1984 respici
2328 1902 2812 1985 philosophum,

463 2025 580 2105 qui
631 2025 704 2090 et
749 2023 1151 2090 Antimachi
1199 2025 1271 2091 et
1317 2025 1690 2110 Hyperboli
1742 2027 1813 2090 et
1844 2025 2191 2106 Euripidis
2222 2026 2435 2091 fuerit
2470 2025 2813 2106 magister.

556 2225 594 2296 g
655 2220 716 2283 2.
811 2219 886 2284 Ε.
960 2219 1072 2284 W.
1145 2220 1230 2285 H.
1295 2219 1668 2285 BRENTANO
1733 2221 1870 2286 iam
1933 2224 2099 2284 ante
2164 2222 2247 2284 28
2302 2237 2523 2286 annos
2568 2220 2815 2284 haecce

465 2343 776 2424 scripsit:
845 2344 1008 2428 „Bel
1064 2343 1327 2424 Beginn
1374 2345 1494 2410 der
1538 2345 1958 2410 Streitscene
1986 2341 2384 2410 'antwortet
2430 2346 2551 2409 der
2598 2344 2816 2424 Logos

466 2469 711 2534 adikos
771 2469 899 2533 auf
951 2469 1060 2533 die
1121 2469 1354 2552 Frage,
1403 2486 1547 2534 wer
1592 2487 1668 2534 er
1713 2469 1833 2552 sei,
1881 2469 2152 2534 einfach
2202 2486 2366 2533 nur:
2416 2469 2534 2533 der
2580 2468 2815 2548 Logos.

469 2593 630 2658 Nun
665 2593 934 2659 haftete
965 2594 1128 2658 aber
1159 2593 1602 2660 bekanntlich
1634 2595 1789 2658 dem
1820 2595 2233 2676 Protayoras
2263 2593 2383 2660 der
2417 2593 2814 2673 Spitzname

470 2717 688 2798 Logos
712 2717 764 2794 1)
795 2735 904 2800 an,
931 2718 1091 2798 jene
1125 2718 1338 2784 Stelle
1363 2719 1600 2784 wurde
1624 2720 1835 2784 daher
1862 2723 2066 2784 unter
2091 2720 2208 2783 der
2233 2719 2813 2798 Voraussetzung,

467 2842 628 2908 dass
677 2843 1078 2925 Protagoras
1123 2843 1344 2909 selber
1390 2844 1494 2908 als
1541 2843 1757 2924 Logos
1802 2842 2043 2909 adikos
2084 2844 2245 2908 oder
2280 2844 2520 2908 hetton
2555 2843 2624 2907 in
2659 2841 2813 2905 dem

468 2967 726 3033 Stiicke
771 2968 1204 3047 aufgetreten
1253 2969 1373 3048 sei,
1422 2969 1728 3033 offenbar
1774 2970 1909 3033 eine
1958 2969 2077 3032 vicl
2110 2968 2471 3049 krciftzyere
2503 2966 2815 3045 Fri-rhum

467 3090 848 3156 erhalten.”
920 3092 1104 3173 Esto,
1173 3092 1288 3157 sed
1359 3096 1527 3156 tunc
1591 3094 1851 3157 comica
1912 3092 2421 3173 disputantium
2478 3090 2817 3173 oppositio

471 3234 680 3297 quam
745 3216 1048 3281 maxime
1113 3216 1360 3281 fuisset
1422 3217 1846 3299 philosophis
1909 3215 2159 3295 odiosa,
2225 3214 2818 3292 offensionumque

472 3340 696 3419 plena.
766 3340 1302 3421 Aristophanem
1365 3344 1597 3405 aut-em
1663 3357 1797 3404 non
1862 3339 2014 3403 odio
2062 3338 2134 3403 in
2182 3338 2623 3419 philosophos
2668 3353 2818 3400 0666

473 3463 852 3527 adductum
918 3465 1000 3528 ut
1059 3464 1294 3529 ederet
1355 3464 1414 3529 N
1423 3466 1604 3544 ubeS,
1669 3464 1785 3528 sed
1851 3482 2011 3527 eum
2058 3480 2393 3527 vesanum
2443 3461 2817 3526 Athenien·

475 3587 658 3669 sium
702 3604 863 3668 erga
911 3604 1126 3652 novas
1170 3588 1514 3653 doctrinas
1551 3587 1860 3652 studium
1900 3587 2244 3665 falsasque
2277 3587 2357 3651 de
2392 3584 2817 3665 philosophia

477 3710 1036 3793 philosophisque
1069 3712 1424 3794 opiniones
1455 3711 1757 3776 voluisse
1792 3712 2271 3792 perstringere,
2297 3728 2385 3775 ex
2410 3726 2488 3774 eo
2512 3712 2816 3791 apparet,

478 3836 656 3917 quod
704 3854 823 3917 per
868 3840 1087 3901 totam
1134 3836 1439 3901 fabulam
1488 3854 1623 3900 non
1672 3835 2196 3917 Socraticorum,
2244 3834 2363 3899 sed
2402 3833 2819 3914 Strepsiadis

478 3960 728 4025 damno
774 3960 1144 4026 cachinnos
1191 3976 1468 4025 movere
1513 3960 1765 4025 studet.
1815 3962 1913 4024 At
1958 3960 2083 4024 hoc
2130 3959 2603 4023 demonstrare
2626 3975 2817 4023 cona·

480 4086 708 4150 bimur
753 4084 820 4149 in
872 4085 1079 4150 huius
1125 4084 1338 4150 libelli
1385 4084 1590 4148 Parte
1637 4084 1877 4147 altera.

575 4208 880 4293 „Sodann
931 4209 1026 4273 ist
1071 4208 1298 4289 aber”,
1347 4208 1444 4272 sic
1490 4208 1712 4289 pergit
1760 4206 2131 4287 BrentanO,
2187 4205 2402 4288 „auch
2454 4205 2601 4269 hier
2644 4204 2815 4268 noch

477 4332 732 4397 einmal
779 4331 1029 4397 darauf
1066 4330 1558 4412 hinzuweisen,
1605 4330 1795 4394 wie..
1825 4377 1839 4392 .
1891 4345 2020 4393 uns
2056 4328 2232 4393 auch
2266 4328 2606 4392 durchaus
2632 4328 2820 4407 J'eder

480 4454 1010 4537 Anhaltspunkt
1069 4454 1262 4531 fehlt,
1309 4471 1427 4518 um
1473 4453 1624 4518 eine
1671 4451 2121 4533 Vorstellung
2167 4452 2389 4516 davon
2438 4468 2524 4516 zu
2570 4450 2819 4530 gewin-

563 4665 612 4744 l)
654 4665 889 4724 Aelian.
947 4663 1023 4724 V.
1066 4664 1146 4722 H.
1190 4663 1301 4723 IV.
1344 4666 1438 4722 20.
1503 4698 1576 4705 —
1623 4662 1792 4721 Suid.
1838 4683 1884 4721 s.
1929 4682 1983 4722 v.
2029 4664 2456 4739 Πρωταγόρας.
2504 4694 2577 4702 —-
2623 4659 2820 4718 Schol.

483 4763 645 4822 Plat.
689 4760 980 4839 Respubl.
1024 4762 1104 4820 X.
1149 4762 1268 4820 600
1310 4759 1375 4819 C.
