3478 5737
1593 594 1628 656 7

443 791 726 852 vernent
795 787 1243 868 irresistible3
1313 789 1401 852 ils
1471 792 1864 870 prote-stent
1934 808 2023 856 au
2094 809 2253 856 nom
2323 793 2413 858 du
2475 795 2673 874 passe
2719 798 2791 859 et

437 912 706 993 jettent
747 915 788 977 a
835 930 909 977 ce
957 914 1224 995 monde,
1273 914 1389 993 qui
1436 915 1707 994 gravite
1748 933 1906 980 vers
1950 916 2030 980 de
2062 917 2419 982 nouvelles
2450 918 2793 983 destinees

443 1037 796 1113 d’inutiles
852 1038 1457 1103 admonestations.
1553 1039 1672 1103 Tel
1727 1040 1839 1105 fut
1900 1041 1963 1104 le
2026 1041 2167 1105 role
2222 1041 2789 1124 d’Aris'tophane3

441 1163 610 1244 bref,
659 1161 707 1226 il
755 1166 864 1228 est
909 1167 1367 1228 censer-vatem
1413 1167 1487 1228 et
1533 1165 1773 1230 febrile
1820 1166 2319 1231 reactionnaire
2364 1169 2677 1248 enrage.”

527 1287 850 1367 Legimus
879 1288 1062 1370 apud·
1094 1289 1486 1352 ALLARDUM
1519 1289 1915 1355 Pmnsonuu
1942 1291 2226 1373 (Hellas,
2255 1291 2461 1356 hfdst.
2494 1292 2612 1376 ΙΙΙ,
2638 1310 2787 1374 pag.

440 1411 629 1486 413):
703 1411 840 1496 „De
903 1411 1102 1494 partij
1168 1413 1340 1476 wier
1395 1413 1795 1493 gezindheid
1862 1416 2361 1496 Aristophanes
2422 1418 2785 1501 vertolkte,

438 1535 496 1600 is
542 1536 809 1600 minder
855 1536 937 1601 de
983 1537 1504 1602 conservatieve
1553 1538 1686 1604 dan
1736 1539 1817 1603 de
1864 1540 2063 1620 partij
2112 1539 2231 1605 der
2263 1543 2516 1606 reactie
2559 1591 2572 1606 .
2618 1593 2629 1606 .
2688 1543 2785 1608 De

439 1661 1040 1725 behoudsmannen
1077 1661 1208 1742 zijn
1243 1661 1794 1727 reactionnairen
1834 1665 2216 1745 geworden,
2254 1683 2341 1730 en
2366 1665 2447 1730 de
2473 1665 2785 1732 komedie

440 1801 574 1848 van
637 1785 1135 1866 Aristophanes
1197 1789 1394 1850 toont
1456 1787 1584 1852 hoe
1651 1787 1729 1867 zij
1799 1803 2276 1870 waaruamen;
2342 1791 2467 1853 hoe
2516 1791 2594 1870 zij
2646 1807 2785 1854 oor-

437 1907 756 1988 deelden3
827 1907 954 1972 hoe
1001 1909 1462 1988 gewetenloos
1513 1911 1592 1990 zij
1649 1911 1770 1976 het
1815 1910 2189 1976 bestaande
2234 1912 2782 1994 ondermiinden3

437 2031 520 2094 do
604 2017 936 2096 kraohten
1021 2031 1290 2096 hunner
1379 2033 1867 2113 medeburgers
1958 2035 2392 2116 verlamden;
2484 2035 2549 2100 al
2640 2040 2783 2100 wat

437 2154 566 2218 den
630 2158 817 2219 staat
877 2153 1253 2234 zedelijken
1315 2158 1520 2220 steun
1567 2156 1706 2222 kon
1757 2158 2123 2223 verleenen
2172 2175 2257 2240 op
2304 2159 2425 2224 het
2470 2159 2780 2224 lichtzin-

437 2279 622 2359 nigst
689 2279 854 2360 prijs
919 2279 1222 2359 gevende
1289 2297 1420 2345 aan
1485 2280 1912 2361 minacht-ing
1972 2299 2059 2346 en
2122 2287 2297 2364 spot.
2388 2282 2530 2347 Het
2575 2285 2777 2365 patri·

437 2403 682 2468 otisme
751 2421 887 2468 van
957 2404 1120 2468 deze
1188 2405 1736 2504 reaotionnairen
1808 2422 1967 2486 mag
2034 2406 2581 2472 onlooehenbaar
2643 2408 2773 2489 zijn

433 2533 765 2608 geweest:
815 2530 934 2594 het
979 2547 1126 2594 was
1171 2529 1242 2593 in
1289 2529 1400 2592 elk
1447 2529 1644 2608 geval
1693 2547 1819 2594 een
1864 2528 2291 2610 eigenzinnig
2324 2533 2772 2615 patriotisme,

435 2652 554 2716 het
599 2652 756 2718 land
805 2654 1236 2735 opofferende
1282 2672 1414 2718 aan
1463 2655 1655 2735 eigen
1703 2653 1986 2736 inzicht‚
2035 2656 2407 2720 voorliefdo
2455 2674 2539 2720 en
2586 2674 2771 2722 voor—

431 2777 763 2842 oordeel.'’
825 2815 886 2822 —
959 2777 1101 2842 Nos
1169 2779 1410 2843 horum
1462 2780 1769 2843 virorum
1814 2780 2169 2844 doctorum
2217 2780 2583 2846 sententiis
2628 2799 2765 2846 non

431 2903 774 2985 assentiri,
822 2920 910 2968 ex
957 2906 1108 2968 tota
1152 2909 1387 2970 nostra
1433 2905 1900 2987 disputatione
1946 2907 2322 2986 apparebit.

521 3156 556 3226 ἓ
604 3151 664 3214 2.
730 3150 902 3229 Quia
949 3152 1348 3232 praesertim
1401 3152 1472 3216 in
1521 3152 1581 3217 N
1590 3154 1825 3218 ubium
1874 3154 2105 3219 fabula
2154 3171 2331 3217 nova
2382 3156 2757 3237 veteribuS‚

431 3272 774 3339 libertatis
818 3276 1749 3356 studiumobtemperantiae
1782 3278 2009 3358 legum
2043 3278 2431 3359 opponitur,
2468 3280 2765 3359 disputa-

429 3398 640 3463 tionis
685 3402 960 3465 nostrae
1006 3402 1180 3465 ratio
1234 3400 1370 3465 'fert
1416 3405 1494 3465 ut
1539 3402 1839 3481 primum
1886 3401 2384 3481 investigemus
2429 3404 2762 3482 quomodo

429 3523 726 3588 Athenis
785 3527 1024 3606 poetae
1070 3526 1210 3590 fere
1258 3526 1682 3607 temporibus
1727 3530 1801 3589 et
1846 3530 2082 3607 postea
2131 3526 2261 3589 viri
2313 3526 2643 3607 ingeniosi
2690 3530 2762 3591 et

427 3648 749 3727 praeclari
799 3648 878 3712 de
925 3649 1043 3714 illa
1087 3650 1514 3731 oppositione
1560 3649 2039 3729 cogitaverint.

516 3770 904 3851 Unicuique
950 3773 1105 3854 civi,
1155 3773 1270 3853 qui
1303 3774 1516 3838 animi
1550 3772 1939 3853 ingeniique
1971 3774 2237 3838 cultum
2270 3773 2399 3838 sibi
2438 3774 2759 3858 vindicet,

423 3894 740 3976 inprimis
777 3899 1012 3961 autem
1041 3897 1210 3960 viris
1236 3898 1440 3961 rebus
1465 3897 1753 3979 publicis
1777 3898 2025 3962 deditis
2048 3901 2120 3962 et
2144 3898 2500 3980 iudicibus,
2530 3917 2759 3963 rerum

423 4019 732 4084 civilium
793 4021 1053 4103 peritis,
1102 4038 1378 4086 necesse
1425 4026 1550 4104 est,
1599 4039 1756 4086 cum
1802 4022 2307 4087 controversiae
2355 4023 2426 4085 in
2474 4022 2758 4087 civitate

421 4144 850 4223 exoriuntur,
921 4145 1090 4209 duas
1160 4162 1270 4210 res
1337 4146 1644 4211 maxima
1697 4147 2070 4211 severitate
2126 4148 2439 4212 volutare
2491 4148 2755 4213 animo:

426 4264 495 4331 1⁰
541 4272 886 4347 quatenus
943 4269 1212 4350 studiiS,
1278 4270 1527 4349 quibus
1574 4271 1826 4351 singuli
1875 4272 2061 4335 cives
2110 4272 2501 4336 libertatem
2550 4271 2755 4335 fortu-

419 4406 583 4455 nam
633 4392 850 4455 vitam
899 4392 1168 4457 felicem
1220 4393 1564 4458 vindicare
1611 4394 1738 4458 sibi
1784 4397 2145 4475 conentur,
2181 4395 2413 4459 favere
2444 4396 2755 4475 debeant,
2799 4454 2802 4459 .

417 4512 493 4579 2⁰
583 4520 924 4595 quatenus
1013 4517 1320 4582 civitatis
1403 4517 1759 4582 commoda
1827 4518 2141 4598 flagitent
2212 4522 2291 4582 ut
2358 4518 2620 4597 legibus
2688 4522 2760 4583 et

417 4640 763 4705 institutis
839 4642 1098 4706 severis
1156 4644 1686 4722 obtemperetur.
1782 4642 2043 4723 Nempe
2104 4642 2265 4706 licet
2326 4643 2752 4723 singulorum

415 4765 772 4831 commoda
860 4765 1260 4847 saepissime
1349 4766 1556 4831 saluti
1647 4766 1957 4849 publicae
2048 4767 2191 4831 sint
2263 4768 2750 4851 posthabenda,
