3478 5737
1506 554 1632 617 109

383 745 665 828 siadem,
735 748 1044 811 maxima
1090 766 1248 813 cum
1311 748 1658 829 gravitate
1721 747 2025 829 explicat
2089 745 2555 827 philosophus,
2618 763 2741 811 cur

383 886 559 949 opus
619 870 714 935 sit
775 874 854 935 ut
915 890 952 936 e
1012 872 1157 937 loco
1204 872 1446 937 altiore
1493 872 1772 953 indaget
1821 876 1896 937 τὰ
1941 873 2234 953 μετέωρα.
2305 871 2585 935 Licetne
2633 871 2743 935 hic

385 1010 627 1059 revera
707 999 1114 1077 exspectare
1183 997 1604 1079 sapientium
1673 997 2189 1063 recentissimas
2260 994 2629 1073 doctrinaS,
2700 1010 2743 1058 a

383 1120 587 1198 poeta
671 1118 1007 1184 indicatas
1089 1124 1163 1185 et
1232 1121 1412 1185 haud
1483 1120 1633 1186 sine
1699 1121 2255 1187 absconditorum
2332 1118 2739 1200 placitorum

381 1241 676 1306 scientia
719 1243 808 1307 ab
855 1243 970 1307 illo
1017 1244 1386 1325 explosas?
1443 1244 1545 1309 Ne
1591 1248 1853 1309 temere
1900 1242 2290 1308 credideris,
2355 1242 2506 1306 Non
2555 1242 2738 1306 enim

383 1366 582 1430 docet
647 1366 984 1449 SocrateS,
1045 1368 1162 1433 sed
1225 1368 1517 1433 ludibrio
1583 1368 1797 1433 habet
1860 1368 2235 1445 rusticum;
2302 1382 2523 1447 neque
2587 1366 2652 1431 h.
2702 1366 2743 1429 l.

388 1490 725 1554 habemus
793 1491 1066 1555 doctam
1129 1492 1800 1571 argumentationem
1864 1492 1983 1556 sed
2032 1491 2358 1557 iocularia
2405 1488 2742 1556 absurdis·

387 1614 584 1677 sima.
673 1613 1045 1680 Contendit
1107 1616 1425 1681 Socrates
1487 1634 1560 1681 se
1607 1620 1759 1681 tum
1808 1616 2085 1680 demum
2136 1618 2321 1680 recte
2367 1616 2448 1679 de
2498 1614 2740 1677 caeles·

387 1739 580 1802 tibus
637 1740 844 1803 rebus
907 1756 1101 1820 posse
1164 1740 1505 1822 meditari,
1569 1741 1623 1805 si
1674 1740 1987 1805 animum
2034 1740 2289 1805 habeat
2332 1756 2743 1820 suspensum,

387 1862 1012 1943 cogitationemque
1059 1882 1218 1929 cum
1265 1882 1442 1947 aere,
1491 1864 1706 1929 animi
1756 1864 2118 1946 consimili,
2162 1863 2610 1946 permixtam;
2671 1898 2731 1907 —

389 1986 887 2052 attendendum
936 1992 1064 2071 est,
1114 2006 1321 2070 quam
1369 1989 1654 2054 ridicule
1701 1990 2161 2054 adhibeantur
2199 2004 2401 2052 voces
2440 1989 2747 2069 κρεμάσας

391 2114 466 2175 et
533 2112 926 2192 καταμείξας.
989 2150 1050 2157 -
1123 2112 1364 2194 Inepta
1433 2114 1600 2179 haec
1663 2112 2033 2195 explicatio
2096 2128 2185 2176 ex
2250 2128 2402 2176 mea
2467 2112 2743 2191 quidem

395 2234 714 2316 opinione
751 2238 1008 2317 petitur
1067 2274 1129 2281 ——
1188 2237 1286 2300 nil
1331 2236 1518 2301 aliud
1581 2274 1642 2283 -
1701 2253 1787 2301 ex
1840 2236 2162 2301 Dioonms
2211 2236 2747 2299 AponnomA'rAn

394 2359 686 2423 aliorum
773 2360 1103 2441 doctrina,
1191 2360 1328 2425 illis
1405 2361 1835 2442 temporibus
1904 2361 2197 2425 fortasse
2270 2378 2390 2441 per
2456 2377 2531 2424 se
2602 2360 2751 2441 ipsa

397 2482 686 2549 minime
749 2485 1069 2550 ridicula:
1121 2490 1225 2549 τὸν
1274 2486 1426 2569 ἀέρα
1473 2492 1610 2567 (τὴν
1663 2492 1876 2571 ψυχὴν
1930 2484 2199 2571 ὑπέλαβε
2246 2503 2339 2549 sc.
2392 2483 2750 2564 Diogenes)

399 2610 659 2673 πάντων
731 2608 1291 2693 λεπτομερέστατον
1361 2608 1521 2677 εἶναι
1585 2616 1687 2675 καὶ
1755 2615 1951 2696 ἀρχήν
2016 2610 2337 2689 (AriSbOt.
2388 2608 2471 2672 de
2517 2608 2751 2671 anima

405 2736 464 2813 1,
515 2734 576 2813 2,
629 2734 753 2812 15).
803 2734 852 2813 1)
903 2735 1003 2799 cf.
1051 2736 1292 2817 Zeller,
1344 2736 1517 2800 Phil.
1567 2736 1630 2800 d.
1680 2736 1796 2800 Gr.
1848 2734 1905 2799 1⁴
1951 2753 2013 2816 p.
2066 2735 2215 2815 251,
2270 2734 2327 2797 1.

491 2856 664 2939 Quia
721 2859 790 2923 in
857 2859 1326 2942 philosophiae
1387 2861 1607 2942 ipsius
1670 2860 1921 2924 studiis
1971 2858 2191 2924 multa
2237 2857 2461 2922 inesse
2510 2858 2751 2938 putan-

399 2953 544 3046 tur
587 2999 761 3062 vaga
825 2987 896 3048 et
949 2984 1156 3049 dubia
1203 2990 1275 3049 et
1321 2986 1606 3066 incerta,
1655 2985 1801 3049 fieri
1850 2986 2082 3066 potest
2130 2987 2208 3047 ut
2254 2983 2373 3046 illa
2421 2995 2533 3045 τοῦ
2579 2981 2756 3064 ἀέρος

399 3105 714 3170 doctrina
781 3107 1120 3174 adductus
1180 3110 1274 3174 sit
1337 3112 1557 3191 poeta,
1624 3111 1704 3172 ut
1766 3108 1896 3174 sibi
1954 3107 2169 3172 animi
2216 3122 2423 3172 causa
2468 3105 2756 3186 fingeret

405 3229 638 3296 Nubes
697 3247 848 3296 esse
913 3267 994 3277 —
1051 3233 1295 3296 saltem
1347 3250 1432 3296 ex
1481 3233 1915 3297 indoctorum
1964 3231 2283 3312 opinione
2344 3266 2406 3275 -
2464 3229 2752 3310 philoso-

405 3354 698 3434 phorum
745 3355 1091 3420 fautrices.
1141 3355 1322 3420 Huic
1367 3361 1602 3420 autem
1653 3357 1750 3421 rei
1800 3355 2020 3435 fictae,
2071 3371 2243 3433 quae
2292 3353 2547 3417 rustico
2582 3355 2749 3416 tam-

404 3494 610 3556 quam
678 3495 788 3542 res
837 3480 1200 3544 verissima
1243 3480 1644 3561 imponitur,
1697 3481 1805 3543 tot
1852 3483 2132 3558 tamque
2179 3477 2400 3542 faceta
2449 3477 2757 3541 ridicula-

405 3617 538 3680 que
597 3602 924 3668 debemus
983 3603 1272 3669 inventa
1333 3607 1396 3684 (a
1453 3613 1588 3670 vsu.
1641 3604 1771 3668 250
1818 3619 2033 3682 usque
2082 3603 2165 3666 ad
2214 3603 2385 3680 478),
2440 3603 2518 3666 ut
2562 3601 2760 3664 facile

410 3726 778 3791 condonari
855 3744 1054 3808 posse
1121 3735 1361 3810 poetae
1430 3729 1705 3810 dixeris,
1778 3729 1837 3792 si
1906 3744 1987 3791 ea
2056 3727 2332 3791 fictione
2402 3725 2757 3808 paululum

411 3849 880 3932 philosophica
923 3852 1155 3916 studia
1199 3853 1272 3916 in
1322 3854 1720 3917 universum
1772 3849 2141 3934 perstringi
2180 3850 2561 3914 videantur.
2611 3849 2759 3913 Ete-

413 3973 582 4054 nim,
653 3973 710 4037 si
783 3975 954 4038 nihil
1019 3979 1256 4055 poetae
1317 3975 1572 4039 comico
1635 3975 1797 4038 dare
1853 3975 1979 4038 tibi
2044 3974 2286 4054 placet,
2349 3973 2560 4036 animi
2612 3974 2763 4036 eius

409 4097 784 4178 alacritati,
830 4099 1321 4178 cogitationum
1375 4099 1577 4178 lusui,
1627 4099 1881 4177 ingenii
1930 4098 2253 4178 acumini,
2303 4113 2577 4160 omnem
2626 4096 2759 4159 adi-

660 4259 844 4266 ——-

497 4340 546 4420 1)
590 4341 682 4401 Of.
727 4343 984 4420 Diogen.
1028 4344 1270 4422 Fragm.
1315 4346 1352 4402 6
1395 4344 1732 4420 (Mullachii
1775 4343 1924 4421 ed.):

503 4445 599 4498 καὶ
656 4444 936 4499 ἁπάντων
996 4449 1113 4499 τῶν
1171 4445 1337 4518 ζῴων
1380 4444 1444 4500 δὲ
1491 4445 1524 4517 ἡ
1567 4443 1739 4518 ψυχὴ
1787 4443 1853 4498 τὸ
1895 4441 2040 4496 αὑτό
2082 4445 2236 4506 ἐστι,
2294 4443 2431 4518 ἀὴρ
2489 4437 2760 4518 θερμό-

415 4557 638 4616 τερος
713 4545 847 4616 μὲν
925 4537 1052 4596 τοῦ
1114 4541 1276 4616 ἔξω,
1343 4544 1416 4596 ἐν
1481 4541 1522 4614 ᾧ
1587 4545 1819 4616 εἰμεν,
1886 4535 2017 4594 τοῦ
2078 4543 2343 4614 μέντοι
2407 4545 2601 4614 παρὰ
2667 4538 2761 4608 τῷ

417 4639 608 4710 ἡλίῳ
653 4639 940 4694 πολλὸν
983 4637 1490 4715 ψυχρότερος.
1538 4637 1661 4696 Cic.
1706 4635 1782 4694 de
1826 4635 1902 4694 N.
1948 4635 2022 4692 1).
2068 4635 2119 4709 Ι,
2172 4635 2263 4710 12,
2307 4636 2415 4692 29:
2462 4641 2603 4706 „aer
2646 4655 2763 4708 quo

415 4735 606 4812 Diog.
649 4735 849 4813 Apoll.
893 4735 1086 4792 utitur
1125 4733 1297 4792 (le0.”
2806 4717 2823 4732 ’
