3478 5737
1827 591 1952 654 104

711 790 905 865 πάνυ,
953 806 1053 851 VS.
1104 788 1279 863 215).
1352 786 1739 850 Audiamus
1785 789 2022 850 autem
2068 785 2313 851 Kockii
2363 788 2571 851 verba
2616 788 2700 851 ad
2749 804 2849 851 vs.
2893 788 3056 850 215:

718 913 859 996 „Da
920 928 1077 975 man
1141 909 1287 974 sich
1335 925 1468 972 von
1516 908 1647 973 den
1698 907 2149 973 Sokratikern
2197 910 2496 974 ohnehin
2545 910 2719 975 einer
2777 910 3062 975 Vorliebe

712 1038 834 1117 fii-r
894 1032 1149 1116 Sparta
1209 1033 1545 1097 versehen
1607 1031 1779 1114 dats,
1841 1048 1915 1095 so
1977 1032 2220 1113 glaubt
2281 1051 2374 1115 er,
2439 1036 2606 1099 diese
2663 1035 2904 1099 hatten
2953 1034 3060 1099 die

718 1159 1187 1237 Annaherung
1244 1155 1776 1237 herbeigeftlhrt,
1826 1156 1964 1221 und
2011 1158 2165 1220 rath
2207 1157 2536 1237 dringend
2586 1158 2882 1223 dieselbe
2933 1160 3062 1223 mit

710 1282 891 1347 allen
938 1280 1231 1345 Kraften
1278 1280 1512 1344 wieder
1554 1277 1772 1358 (πάλιν
1815 1278 1992 1343 Ven.
2039 1280 2198 1344 lect.
2235 1283 2500 1362 accepit
2538 1282 2847 1363 V.doct⁸.;
2887 1286 3061 1347 πάνυ

712 1407 818 1483 R.)
879 1422 963 1469 zu
1026 1403 1445 1484 beseitigen’'
1508 1406 1637 1467 etc.
1705 1402 1918 1467 Estne
1983 1403 2374 1469 mirandum
2419 1422 2506 1469 ex
2553 1405 2811 1470 talibus
2857 1408 3060 1472 inter-

710 1528 1214 1611 pretationibus
1282 1531 1506 1591 ortam
1554 1544 1723 1591 esse
1794 1526 2042 1591 falsam
2109 1528 2504 1607 opinionem
2572 1529 2922 1595 Socratem
2988 1532 3060 1596 in

714 1654 1029 1719 Nubibus
1099 1653 1295 1716 unice
1366 1651 1794 1731 perstringi?
1887 1653 1998 1715 An
2071 1651 2458 1732 putandum
2527 1658 2654 1733 est,
2725 1654 2876 1735 ipsa
2945 1654 3065 1719 illa-

713 1778 1053 1860 opinione,
1116 1775 1327 1841 semel
1392 1778 1752 1855 tamquam
1814 1792 1978 1839 vera
2035 1779 2336 1857 accepta,
2401 1776 2588 1841 viros
2633 1778 2868 1843 doctos
2911 1796 3064 1843 esse

714 1902 1069 1982 adductOS,
1119 1904 1199 1964 ut
1244 1916 1451 1979 quam
1497 1898 1795 1980 plurima
1839 1898 2242 1964 acerbitatis
2279 1900 2351 1963 in
2387 1900 2742 1965 Socratem
2775 1903 3068 1983 vestigia

715 2024 1175 2107 indagarent?
1223 2023 1669 2088 obliviscitur
1715 2022 1940 2087 editor
1985 2023 2448 2105 Strepsiadem
2499 2026 2809 2091 venerari
2857 2026 3064 2107 philo-

718 2150 969 2232 sophos
1028 2149 1313 2227 ideoque
1378 2146 1687 2212 omnium
1754 2146 2094 2212 malorum
2155 2148 2427 2227 culpam
2476 2149 2547 2213 in
2595 2166 2712 2214 eos
2757 2150 3068 2216 conferre

720 2291 850 2340 non
944 2274 1271 2355 potuisse.
1356 2271 1720 2337 Praeterea
1789 2272 2162 2336 verisimile
2233 2288 2369 2337 non
2433 2275 2563 2351 est,
2628 2274 3067 2358 spectatoreS,

721 2398 912 2464 nulla
969 2397 1105 2461 alia
1164 2396 1400 2461 addita
1458 2395 1966 2477 explanatione,
2015 2397 2258 2475 respici
2306 2396 2388 2460 ad
2437 2414 2536 2477 ea,
2587 2413 2762 2476 quae
2809 2396 3069 2461 Kockio

723 2524 795 2588 in
882 2525 1209 2604 promptu
1294 2536 1443 2585 esse
1516 2520 1860 2601 videntur,
1930 2520 2525 2601 animadvertisse,
2595 2524 2719 2585 aut
2788 2538 2876 2584 cx
2947 2521 3072 2585 hac

724 2648 972 2715 facetia
1032 2646 1465 2711 efficiendum
1528 2645 1858 2709 statuisse
1924 2644 2306 2709 Socraticos
2351 2662 2502 2709 esse
2549 2646 3068 2719 Λακωνίζοντας.

815 2772 1088 2855 Optime
1180 2770 1344 2834 fecit
1436 2772 1656 2851 poeta,
1751 2769 1929 2850 quod
2021 2770 2487 2851 Strepsiadem
2569 2772 3077 2853 spectatoribus

725 2897 1029 2962 ostendit
1086 2933 1167 2942 -—
1216 2897 1297 2959 ut
1344 2895 1750 2976 praesertim
1798 2895 1868 2958 in
1921 2898 2270 2975 posterum
2319 2897 2676 2977 apparebit
2735 2933 2798 2942 ..
2855 2897 3078 2976 magis

726 3021 1073 3087 curiosum
1140 3037 1351 3100 quam
1420 3017 1749 3100 scientiae
1807 3020 2154 3100 cupidum.
2241 3019 2414 3084 Cum
2473 3022 2663 3086 videt
2725 3021 2950 3085 virum
2998 3020 3075 3085 in

728 3145 1045 3210 machina
1115 3143 1358 3225 pensili
1426 3144 1754 3226 μετέωρον,
1823 3147 2052 3224 rogat:
2126 3146 2283 3228 φέρε,
2346 3147 2438 3218 τίς
2497 3149 2616 3229 γὰρ
2681 3143 2861 3218 οὗτος
2923 3151 3075 3208 οὑπὶ

728 3285 837 3354 τῆς
884 3272 1239 3353 κρεμάθρας
1285 3271 1486 3350 ἀνήρ,·

817 3393 1190 3460 Docentem
1238 3393 1625 3472 ianitorem,
1674 3391 2102 3474 ipsissimum
2151 3409 2300 3458 esse
2348 3394 2720 3476 Socratem,
2754 3397 3081 3481 precatur

730 3517 1177 3599 StrepsiadeS,
1265 3520 1345 3582 ut
1413 3517 1847 3598 magistrum,
1917 3517 1988 3581 in
2059 3517 2474 3598 cogitatione
2541 3517 2864 3600 defixum,
2932 3517 3083 3582 alta

730 3661 891 3709 voce
960 3642 1278 3726 appellet.
1374 3641 1757 3722 Loquacem
1819 3644 2052 3704 autem
2118 3641 2532 3723 discipulum
2595 3643 2734 3707 iam
2798 3647 3083 3724 repente

733 3773 1009 3848 tempus
1056 3766 1283 3831 deficit
1329 3769 1423 3846 (οὒ
1470 3767 1590 3848 γάρ
1628 3791 1733 3847 μοι
1773 3764 2008 3850 σχολή),
2051 3770 2130 3830 ut
2167 3783 2382 3831 unum
2415 3767 2634 3832 adhuc
2667 3765 3080 3832 vocabulum

736 3890 1117 3970 eloquatur.
1209 3891 1355 3971 Qua
1424 3907 1495 3954 re
1564 3889 1878 3970 agricola,
1949 3905 2164 3969 aeque
2235 3891 2580 3955 submissa
2647 3907 2810 3955 voce
2869 3894 3084 3969 atquo

739 4017 947 4079 antea
1006 4014 1246 4096 filium,
1310 4014 1447 4078 iam
1512 4013 1864 4078 Socratem
1925 4013 2334 4092 alloquitur:
2385 4014 2582 4078 valde
2629 4013 2810 4078 enim
2861 4014 2923 4078 ei
2971 4020 3088 4077 est

740 4139 945 4220 cordi,
995 4143 1075 4202 ut
1120 4137 1543 4219 propositum
1593 4141 2006 4217 assequatur
2052 4154 2276 4202 suum.

828 4388 865 4460 g
927 4383 989 4446 7.
1084 4383 1413 4449 Consulto
1476 4385 1922 4466 paragraphis
1982 4385 2548 4466 praecedentibus
2609 4385 2831 4450 fusius
2875 4403 3088 4466 expo-

740 4507 846 4572 sui
915 4507 1165 4588 omnia,
1234 4525 1409 4588 quae
1472 4509 1554 4572 ad
1628 4508 2088 4590 Strepsiadem
2161 4509 2534 4590 pertinent,
2605 4513 2685 4573 ut
2729 4527 2816 4574 ex
2864 4509 3092 4574 totius

740 4647 1026 4696 scaenae
1083 4634 1427 4714 proposito
1484 4638 1692 4712 atque
1741 4633 1965 4698 indole
2012 4638 2374 4716 appareret
2421 4637 2694 4715 poetam
2745 4635 2810 4698 id
2857 4634 3086 4700 solum

743 4756 984 4839 egisse,
1050 4759 1130 4821 ut
1189 4759 1257 4820 in
1323 4757 1635 4822 animum
1704 4775 1782 4822 ac
1829 4759 2212 4822 sententias
2259 4759 2614 4822 hominum
2663 4758 3088 4824 incultorum
