3478 5737
1780 572 1906 633 138

681 784 949 849 semper
996 785 1209 833 novas
1255 766 1639 848 excogitavi
1689 766 2020 846 rationeS,
2072 781 2385 845 novaque
2430 768 2752 847 εὑρήματα
2796 767 3039 846 (καινὰς

681 892 847 965 ἰδέας
930 910 1029 956 vs.
1121 892 1293 971 547),
1381 908 1555 971 quae
1634 906 1914 971 prorsus
1995 892 2162 953 sunt
2231 889 2592 955 dissimilia
2660 890 3036 971 omniaque

680 1016 934 1083 affabre
1006 1016 1310 1082 adhibita
1378 1016 1571 1096 (δεξιά
1635 1034 1735 1079 vs.
1802 1014 1975 1092 548).
2044 1050 2099 1059 —
2173 1013 2402 1078 Nolite
2462 1019 2696 1079 autem
2745 1016 3036 1095 credere,

682 1158 792 1206 me
861 1141 1157 1223 gloriari,
1229 1142 1403 1221 quod
1474 1144 1748 1206 tautam
1818 1138 2098 1204 adhibui
2171 1156 2406 1203 curam
2475 1142 2835 1220 artemque
2901 1142 3034 1219 (vs,

684 1265 933 1344 545).1)
978 1302 1040 1311 --
1087 1264 1427 1347 Cleonem,
1475 1282 1631 1329 cum
1678 1263 2094 1329 auctoritate
2144 1264 2438 1346 valebat,
2489 1264 3034 1344 quammaxime

684 1390 1083 1472 perstrinxi,
1149 1395 1385 1470 postea
1444 1392 1703 1469 autem,
1767 1405 1924 1453 cum
1987 1388 2276 1468 iacebat,
2345 1406 2506 1453 eum
2553 1406 2690 1453 non
2736 1388 3034 1470 amplius

684 1514 1031 1594 exagitavi
1093 1534 1331 1581 novam
1392 1515 1459 1579 in
1522 1532 1676 1579 eum
1720 1514 2028 1595 fabulam
2059 1514 2570 1578 conscribendo.
2611 1512 2663 1587 2)
2713 1513 2842 1577 Sed
2875 1513 3034 1592 quid

682 1639 945 1703 faciunt
1008 1639 1122 1703 alii
1188 1639 1449 1719 comici,
1511 1638 1768 1703 aemuli
1828 1638 2014 1701 mei?
2087 1638 2255 1701 Cum
2323 1638 2536 1703 semel
2601 1637 3038 1720 Hyperbolus

680 1762 947 1827 iocandi
1032 1764 1348 1843 praebuit
1430 1781 1691 1843 ansam,
1776 1778 2015 1826 omnes
2099 1762 2418 1827 certatim
2504 1780 2659 1828 eum
2751 1762 3036 1841 eiusque

681 1887 979 1948 matrem
1046 1886 1435 1965 proculcare
1497 1884 1841 1967 (κολετρᾶν)
1904 1884 2343 1949 studuerunt.
2427 1856 2709 1967 Eupolis
2768 1886 3036 1966 primus

682 2007 1061 2090 Hyperboli
1122 2008 1398 2074 exstitit
1458 2010 1715 2089 irrisor,
1778 2015 2085 2091 Μαρικᾶν
2151 2009 2456 2074 fabulam
2519 2024 2804 2073 scaenae
2860 2025 3033 2073 com-

684 2132 1057 2213 mittendo;
1128 2132 1698 2198 miserenostros
1745 2134 1859 2197 ille
1907 2132 2194 2212 Equites
2240 2133 2721 2213 commutavit,
2771 2132 3035 2197 addidit

680 2258 959 2320 tantum
1040 2255 1121 2319 de
1190 2273 1313 2320 suo
1381 2273 1589 2321 anum
1659 2257 2142 2337 temulentam,
2215 2257 2570 2321 cordacem
2639 2257 3030 2322 saltantem.

682 2377 939 2443 Deinde
1022 2378 1431 2461 Hermippus
1505 2382 1628 2445 alii
1701 2398 1942 2446 omnes
2003 2380 2473 2463 Hyperbolum
2542 2380 3029 2459 traduxerunt,

684 2518 837 2565 mea
883 2501 1177 2567 libenter
1224 2504 1581 2569 imitantes
1627 2506 1932 2571 inventa.

770 2626 894 2691 Cui
955 2626 1132 2691 tales
1179 2628 1497 2693 vilissimi
1547 2632 1750 2711 pretii
1803 2630 2089 2695 facetiae
2138 2629 2495 2711 contritae,
2544 2629 2847 2693 insulsae
2895 2628 3027 2710 pla·

677 2754 855 2833 cent,
926 2752 986 2815 is
1056 2754 1228 2817 meis
1297 2753 1473 2843 iocis·
1531 2772 1666 2818 non
1734 2755 2067 2835 capiatur.
2153 2753 2224 2817 Si
2295 2757 2534 2817 contra
2595 2768 2791 2818 τοῖσιν
2857 2756 3028 2835 ἐμοῖς

673 2881 1009 2960 εὑρήμασιν
1084 2878 1614 2961 delectabimini,
1678 2899 1719 2944 a
1783 2880 2189 2960 posteritate
2257 2885 2568 2944 vestrum
2632 2880 3025 2945 laudabitur

676 3003 1001 3068 iudicium
1051 3006 1205 3083 (560
1252 3005 1488 3084 sqq.).'’

764 3251 981 3316 Nemo
1042 3253 1261 3317 nescit
1323 3253 1478 3316 inde
1541 3253 1627 3315 ab
1674 3254 2183 3332 antiquissimis
2229 3255 2657 3336 temporibus
2701 3255 2786 3318 ad
2833 3255 3018 3319 hunc

676 3393 895 3456 usque
957 3377 1131 3440 diem
1199 3377 1504 3456 inventa,
1568 3376 1766 3440 cuius
1827 3379 2097 3457 generis
2161 3383 2362 3460 poeta
2408 3383 2645 3443 noster
2692 3378 3024 3442 nonnulla

680 3505 1040 3565 enumerat
1070 3505 1192 3576 (vs.
1227 3501 1620 3582 537—543),
1654 3503 2054 3582 saepissime
2085 3520 2163 3574 eo
2197 3503 2478 3567 consilio
2510 3504 2596 3568 ab
2627 3503 3024 3567 auctoribus

683 3624 984 3710 adhiberi
1020 3625 1369 3705 scaenicis,
1406 3631 1483 3689 ut
1517 3625 1816 3689 iocorum
1861 3627 1967 3690 vel
2009 3627 2352 3691 dictorum
2387 3627 2735 3692 occultent
2767 3630 3024 3706 (ἀφαιιί-

682 3750 850 3826 ζωσι,
900 3767 999 3812 vs.
1051 3750 1202 3824 542)
1250 3749 1744 3814 insulsitatem.

757 3961 806 4034 1)
848 3959 981 4018 Hoc
1023 3961 1150 4018 loco
1194 3959 1254 4038 (i.
1299 3980 1349 4019 e.
1394 3966 1550 4038 post.
1574 3981 1662 4019 vs,
1708 3962 1849 4038 548)
1891 3963 2059 4036 quasi
2103 3965 2162 4019 ἐν
2207 3961 2562 4039 παρενέγέσει
2605 3962 2808 4038 legere
2842 3962 3022 4020 velim

679 4077 767 4116 VS.
824 4058 973 4115 545:
1032 4061 1205 4130 κάγώ
1250 4063 1362 4116 cet.
1430 4057 1727 4117 Omnibus
1770 4059 1931 4116 enim
1973 4059 2314 4118 comoediae
2359 4059 2590 4118 meritis
2633 4060 3019 4134 enumeratiS,

680 4156 921 4228 rectius,
965 4155 1084 4212 nisi
1122 4155 1317 4231 fallor,
1361 4160 1695 4230 sequuntur
1734 4154 1922 4214 verba
1965 4157 2069 4214 illa
2109 4157 2436 4216 modestiae
2477 4156 2672 4233 plena.

758 4253 808 4325 2)
863 4250 1161 4311 Observat
1217 4252 1289 4311 G.
1334 4252 1716 4312 Her-mannus
1758 4252 1838 4311 ad
1879 4272 1966 4311 vs.
2011 4255 2158 4312 546:
2209 4255 2361 4326 „etsi
2403 4255 2466 4312 in
2507 4253 2727 4330 Vespis
2767 4273 3021 4330 quoque,

680 4369 832 4425 quae
889 4348 1126 4408 biennio
1178 4355 1316 4426 post
1356 4349 1612 4424 Equites
1654 4355 1825 4408 actae
1866 4355 2024 4427 sunt,
2068 4351 2307 4428 saepius
2350 4349 2634 4410 Cleonem
2674 4351 2902 4428 tetigit,
2945 4349 3024 4410 de

678 4468 797 4523 qua
837 4466 903 4507 re
945 4448 1074 4525 ipse
1115 4447 1267 4506 dicit
1308 4448 1371 4505 in
1412 4448 1517 4506 illa
1556 4445 1761 4506 fabula
1802 4468 1890 4506 Vs.
1940 4449 2096 4506 1284
2135 4467 2285 4524 sqq.,
2337 4449 2439 4506 isti
2489 4453 2691 4507 tamen
2739 4447 2857 4506 loci
2903 4467 3024 4506 non

678 4550 1003 4622 potuerunt
1062 4545 1161 4604 hic
1222 4546 1497 4622 spectari,
1554 4545 1660 4604 ubi
1714 4546 1792 4603 de
1847 4546 2125 4604 universo
2181 4544 2520 4604 fabularum
2563 4551 2915 4622 argumento
2957 4551 3022 4603 et

678 4643 925 4701 consilio
966 4642 1286 4718 loquitur.”
1348 4641 1748 4702 Leeuwenius
1789 4643 1852 4700 in
1893 4663 2072 4702 versu
2115 4644 2233 4702 550
2279 4648 2461 4718 „quot
2499 4641 2686 4702 verba
2729 4647 2819 4702 tot
2857 4661 3020 4701 men-

679 4739 887 4797 dacia''
934 4741 1127 4797 inesse
1170 4745 1390 4799 censet.
