3478 5737
1867 574 1950 637 42

723 765 931 829 unius
990 768 1324 832 momenti
1388 768 1604 832 serias
1650 768 2165 833 observationes
2214 771 2491 832 moveat
2537 766 2907 831 cachinnos
2953 780 3072 845 per

720 888 1043 954 ridiculas
1102 892 1571 973 oppositiones
1628 892 2154 972 allusionesque,
2219 908 2463 957 sensus
2524 888 3068 972 permulcentes:

814 1012 927 1095 „Si
986 1032 1140 1079 mea
1184 1016 1587 1080 observabis
1630 1021 2012 1098 praecepta,
2061 1016 2346 1082 habebis
2393 1017 2638 1096 pectus
2683 1014 3067 1091 robustum,

719 1137 1013 1201 colorem
1088 1156 1358 1204 roseum
1428 1146 1662 1221 (genas
1724 1144 1998 1222 roseas),
2066 1157 2342 1205 umeros
2407 1138 2693 1219 validOS‚
2764 1137 3066 1217 linguam

718 1260 1103 1327 modestam
1152 1266 1225 1327 et
1286 1302 1347 1309 —
1402 1264 1709 1343 γλουτούς
1757 1282 2096 1347 carnosos,
2147 1267 2394 1349 πόσθην
2431 1266 2682 1347 μικράν.
2731 1262 2804 1327 Si
2829 1263 3070 1325 contra

717 1382 1085 1450 hodiernos
1152 1387 1460 1466 sequeris
1508 1406 1754 1472 mores,
1803 1389 2096 1454 colorem
2145 1390 2429 1455 habebis
2476 1387 2832 1471 pallidum,
2882 1400 3068 1448 ume-

656 1590 661 1595 Δ
717 1524 829 1572 ros
896 1508 1257 1592 invalidOS,
1329 1514 1571 1591 pectus
1639 1512 2019 1597 infirmum,
2091 1514 2396 1595 linguam
2467 1528 2788 1593 magnam
2861 1511 2934 1573 et
2995 1544 3064 1551 —

717 1638 928 1713 πυγὴν
998 1637 1249 1716 μικράν,
1318 1636 1526 1717 κωλῆν
1596 1636 1893 1722 μεγάλην.
1964 1638 2326 1720 Rogamus,
2398 1654 2565 1701 num
2613 1635 2826 1700 talem
2875 1650 3069 1711 argu-

716 1758 1219 1825 mentationem
1268 1760 1527 1842 aliquid
1576 1762 1826 1827 salutis
1869 1762 2110 1827 afferre
2158 1779 2356 1842 posse
2379 1762 2474 1826 sit
2500 1758 3073 1825 existimandum.

714 1854 969 1945 Fuitne
1040 1898 1281 1946 revera
1350 1886 1553 1963 poeta
1620 1886 1874 1965 noster,
1933 1887 2010 1949 ut
2057 1883 2394 1964 nonnulli,
2444 1883 2608 1962 quin
2659 1880 2872 1945 etiam
2921 1878 3068 1942 fere

716 2015 977 2083 omneS,
1040 2003 1172 2067 viri
1219 2004 1401 2069 docti
1450 2006 1836 2087 perhibent,
1883 2022 2154 2070 morum
2203 2022 2444 2071 censor
2493 2004 2822 2069 severus?
2882 1999 2924 2077 ¹)

805 2123 979 2204 Quid
1050 2143 1224 2207 opus
1292 2131 1401 2192 est
1463 2129 1589 2193 tali
1651 2129 1914 2193 censori
1977 2128 2348 2193 identidem
2399 2128 2738 2208 respicere
2785 2125 2871 2189 ad
2919 2140 3066 2187 sen·

713 2262 919 2311 suum
967 2248 1326 2341 illecebras
1372 2252 1805 2333 corporisque
1855 2252 2290 2333 voluptates?
2339 2250 2748 2333 Ariphradis
2786 2247 3066 2328 quidem

714 2371 1189 2437 sordidissima
1265 2374 1553 2439 inventa
1597 2375 1876 2441 disertis
1922 2376 2152 2440 verbis
2196 2374 2608 2440 describenti
2657 2373 2911 2453 (Equit.
2961 2388 3068 2435 vs.

722 2496 1185 2575 1284—1289)
1277 2503 1516 2579 poetae
1610 2499 1836 2564 visum
1929 2504 2037 2565 est
2117 2500 2566 2565 excusatione
2657 2515 2830 2579 opus
2913 2512 3066 2561 esse

713 2621 841 2698 (VS.
918 2622 1149 2695 1274):
1222 2621 1578 2707 λοιδορῆσαι
1650 2630 1794 2699 τοὺς
1861 2629 2172 2709 πονηροὺς
2241 2626 2420 2689 οὐδέν
2492 2624 2614 2689 ἐστ’
2685 2625 3064 2705 ἐπίφθονον.

712 2742 905 2807 Licet
948 2745 1162 2809 talem
1210 2748 1733 2829 descriptionem
1788 2750 2152 2829 unicuique
2200 2749 2503 2815 taedium
2553 2765 2833 2813 movere
2864 2746 3064 2811 facile

710 2866 1132 2952 crediderim,
1202 2875 1435 2937 tamen
1507 2891 1626 2954 per
1693 2873 2084 2955 allusiones,
2133 2875 2371 2954 quales
2419 2875 2487 2938 in
2539 2876 2782 2938 nostra
2828 2871 3062 2937 fabula

709 2996 1101 3073 occurrunt,
1174 2996 1390 3076 magis
1454 2996 1713 3062 irretiri
1782 3014 2146 3078 puerorum
2217 2997 2491 3078 ingonia
2553 3015 2762 3077 quam
2823 2999 3064 3060 contra

708 3113 1067 3180 illecebras
1130 3119 1675 3200 corruptelarum
1735 3122 2152 3187 corroborari
2216 3121 2824 3202 persuasissimum
2891 3119 3062 3183 mihi

710 3237 945 3302 habe0.
1019 3239 1192 3319 Quid
1268 3243 1549 3307 tandem
1628 3262 1800 3324 opus
1874 3245 2137 3309 censori
2215 3259 2406 3310 κινεῖν
2469 3251 2549 3310 τὰ
2617 3249 2892 3328 ἀκίνητα
2957 3247 3058 3306 καὶ

710 3359 1130 3425 καθεστῶταὲ)
1224 3365 1401 3429 Luce
1484 3365 1734 3431 clarius
1815 3371 1924 3432 est
2001 3368 2336 3434 comicum
2410 3373 2731 3434 nostrum
2803 3369 3062 3434 talibus

709 3485 984 3550 facetiis
1059 3503 1305 3552 ornare
1376 3489 1689 3555 debuisse
1757 3507 1869 3555 τοῦ
1917 3492 2163 3556 δικαίου
2211 3497 2600 3576 praecepta,
2651 3495 2836 3575 quia,
2886 3509 3060 3573 quae

710 3624 923 3672 cavea
980 3609 1356 3690 flagitabat,
1409 3629 1685 3677 necesse
1732 3618 1883 3680 erat
1928 3617 2110 3698 dare,
2160 3617 2498 3696 siquidem
2549 3618 2735 3682 risus
2781 3621 3056 3698 captare

710 3733 921 3810 atque
984 3732 1290 3797 favorem
1354 3735 1566 3799 vellet
1624 3739 1733 3813 (cf.
1801 3755 1974 3817 quae
2038 3740 2119 3804 de
2166 3741 2478 3822 parabasi
2527 3741 3056 3815 contendimus).

802 3953 839 4026 ς
889 3953 948 4014 2.
1016 3949 1277 4016 Chorus
1322 3957 1447 4032 (vs,
1492 3955 1949 4034 10:25—1035)
1989 3959 2163 4025 Iusti
2203 3961 2614 4042 sapientiam
2647 3961 3053 4026 admiratur.

708 4072 953 4138 Refert
1001 4073 1286 4156 Chorus,
1334 4079 1414 4139 ut
1461 4076 1856 4158 saepissime
1905 4081 1983 4144 fit
2027 4082 2096 4145 in
2131 4083 2501 4164 tragoediis
2525 4083 3052 4162 comoediisque²

707 4212 960 4261 caveae
1021 4213 1184 4276 erga
1229 4202 1576 4263 certamen
1625 4201 1951 4266 studium.
2046 4205 2398 4272 Acerrime
2447 4208 2606 4272 h.·l.
2657 4211 2724 4270 αἱ
2771 4206 3054 4290 Νεφέλαι

706 4335 779 4382 se
849 4321 1183 4399 praebent
1248 4322 1419 4385 artis
1476 4322 1848 4388 dialecticae
1893 4327 2256 4402 studiosas,
2302 4347 2638 4395 vanarum
2690 4333 3055 4414 praecipue

786 4527 835 4604 1)
883 4525 1225 4584 Secundum
1268 4527 1371 4586 W.
1417 4529 1477 4586 S.
1520 4529 1878 4589 Teuffelium
1920 4539 2038 4592 est:
2087 4537 2808 4614 „antiquaesimplicitatis
2831 4547 3056 4600 amator

708 4641 1039 4697 morumque
1084 4623 1470 4696 inteqritati.s·'’
1517 4623 1685 4701 (edit.
1729 4628 1932 4705 latina,
1981 4632 2150 4709 1856,
2193 4633 2447 4710 praefat.
2491 4657 2548 4714 p.
2601 4639 2715 4716 16).
2765 4637 2843 4698 cf.
2887 4639 3054 4697 Pier-

708 4719 873 4777 sonis
912 4717 1101 4777 verba
1140 4719 1327 4794 (Part.
1372 4720 1423 4794 Ι,
1470 4739 1517 4778 c.
1560 4720 1611 4797 Ι,
1656 4723 1695 4798 ξ
1737 4724 1794 4798 3,
1836 4744 1894 4800 p.
1938 4726 2056 4800 34).
