3478 5737
1173 1204 1558 1269 cAPU'r
1627 1205 1787 1287 111,
1856 1205 1939 1269 A.

805 1558 916 1624 De
965 1558 1197 1627 Chori
1250 1558 1620 1625 Pan-abasi
1669 1558 1818 1644 (vs,
1866 1559 2299 1643 512—626).

461 1758 498 1829 g
573 1756 633 1819 1.
743 1756 890 1820 Iam
961 1756 1193 1821 verbis
1259 1762 1367 1821 est
1435 1756 1961 1837 exprimendum
2033 1755 2370 1834 quomodo
2441 1754 2722 1820 Paraba-

373 1892 522 1940 seos
584 1894 670 1942 ea
731 1896 909 1960 pars,
971 1897 1146 1959 quae
1217 1884 1437 1945 metro
1485 1878 1853 1961 Eupolideo
1900 1878 2278 1959 composita
2322 1879 2475 1961 (518
2498 1880 2723 1955 -562)

373 2002 615 2079 poetae
661 2001 882 2082 ipsius
925 2003 1006 2067 ad
1055 2006 1478 2084 spectatores
1524 2002 1834 2067 continet
1864 2001 2371 2082 allocutionem,
2407 2004 2723 2067 nostrum

371 2122 684 2202 tetigerit
729 2126 1064 2191 animum.

457 2246 900 2327 Spectatores
966 2250 1104 2315 iam
1167 2250 1326 2316 inde
1387 2252 1473 2315 ab
1534 2250 1651 2315 illo
1713 2253 2045 2331 tempore,
2110 2267 2244 2329 quo
2304 2254 2497 2315 actae
2560 2254 2725 2315 sunt

369 2368 822 2437 Daetalenses
904 2370 1000 2450 (ειο
1084 2376 1255 2455 427),
1341 2374 1534 2454 quasi
1603 2372 1816 2438 animi
1884 2372 2227 2438 affinitate
2296 2390 2453 2437 cum
2524 2376 2725 2454 poeta

369 2498 608 2560 nostro
671 2498 1076 2563 coniunctos
1134 2516 1284 2563 sese
1345 2500 1831 2581 praebuerunt,
1880 2498 1977 2563 sic
2028 2502 2103 2563 ut
2152 2515 2387 2563 eorum
2438 2499 2720 2563 benevo-

367 2618 586 2685 lentia
646 2623 1004 2703 amicoque
1064 2641 1224 2704 erga
1283 2642 1357 2689 se
1417 2624 1646 2687 animo
1705 2624 1949 2705 fretUS‚
1999 2623 2304 2687 comicus
2350 2623 2747 2703 quotannis·

365 2746 626 2810 mentis
671 2764 837 2812 suae
883 2748 1060 2812 dona
1107 2749 1399 2813 libenter
1447 2748 1710 2829 popello
1757 2746 2109 2811 obtulerit.

451 2868 578 2934 Vs.
628 2871 758 2935 528
807 2890 990 2953 sqq.:
1083 2874 1146 2948 ἐξ
1193 2873 1340 2938 ὅτου
1386 2879 1614 2955 γὰρ...

636 2999 666 3056 ὁ
717 2999 984 3080 σώφρων
1035 3026 1092 3062 τε
1141 3005 1229 3085 χώ
1276 3003 1661 3078 καταπύγων
1710 2995 1909 3080 ἄριστ’
1965 3000 2377 3079 ἡκουσάτην,.
2413 3043 2427 3058 .
2464 3045 2477 3058 .

637 3124 702 3183 ἐκ
749 3127 978 3188 τούτου
1025 3151 1128 3205 μοι
1179 3131 1368 3190 πιστὰ
1417 3125 1562 3208 παρ’
1612 3131 1788 3204 ὑμῶν
1838 3127 2091 3206 γνώμης
2138 3123 2269 3186 ’ἐσθ’
2320 3121 2515 3205 ὅρκια.

453 3244 632 3323 Quid
691 3251 932 3312 autem
979 3250 1276 3315 accidit?
1347 3251 1625 3316 Praeter
1669 3249 2063 3330 opinionem
2113 3247 2415 3312 Nubium
2462 3245 2716 3326 fabula,

363 3365 526 3431 licet
588 3372 987 3450 praebuerit
1047 3379 1287 3456 poetae
1349 3376 1526 3457 ’ἔργον
1589 3373 1879 3437 πλεῖστον
1928 3375 2051 3450 (vs.
2102 3373 2255 3447 523)
2301 3373 2387 3435 ab
2432 3371 2716 3450 ipsoque

361 3489 706 3558 habeatur
752 3513 1036 3561 suarum
1085 3500 1586 3564 comoediarum
1637 3495 1945 3580 σοφώτατ’
1994 3497 2174 3581 ἔχειν,
2220 3505 2475 3569 θεαταῖς
2514 3494 2717 3573 digna

363 3615 587 3690 δεξιοῖς
649 3625 775 3694 (vs.
845 3623 995 3704 520,
1061 3623 1236 3704 521),
1299 3627 1534 3689 tamen
1582 3642 1718 3689 non
1768 3623 1991 3688 solum
2040 3623 2299 3702 primas
2346 3638 2481 3684 non
2530 3618 2716 3698 tulit,

360 3741 476 3804 sed
585 3761 671 3807 ne
779 3746 1119 3810 secundas
1219 3748 1495 3826 quidem
1601 3748 1782 3826 (vide
1890 3745 2323 3828 Hypotbesin
2373 3743 2496 3822 V);
2605 3743 2713 3806 ὑπ’

358 3867 614 3948 ἀνδρῶν
679 3869 865 3932 enim
933 3885 1244 3951 φορτικῶν
1307 3877 1422 3948 (SC.
1485 3889 1526 3935 a
1589 3871 1867 3934 Cratino
1923 3873 1995 3932 et
2044 3868 2380 3948 AmipSia)
2428 3871 2717 3950 ἡττηθεὶς

357 3994 713 4077 ἀναχωρεῖν
763 3993 1052 4059 debebat
1099 3997 1617 4077 Aristophanes,
1668 3995 1813 4074 Qua
1861 4009 1931 4055 re
1978 3995 2404 4072 spectatores
2451 3992 2712 4072 sapien-

357 4119 466 4180 tes
537 4117 600 4182 ei
671 4117 859 4197 digni
922 4125 1089 4182 sunt
1151 4119 1282 4183 visi
1346 4121 1463 4198 qui
1527 4119 2105 4198 vituperarentur.
2202 4115 2533 4195 Quamvis
2595 4115 2709 4194 qui

357 4245 632 4318 poetam
708 4241 1164 4304 deseruerunt
1233 4243 1312 4304 ut
1381 4258 1506 4304 sua
1575 4241 1722 4304 vice
1790 4258 1831 4302 a
1897 4242 2097 4318 poeta
2166 4237 2714 4301 destituerentur

355 4379 660 4444 aequum
725 4339 930 4444 esset,
992 4366 1226 4428 tamen
1292 4363 1604 4427 instituit
1664 4367 1903 4426 auctor
1962 4359 2563 4442 prudentissimuS‚
2622 4376 2711 4424 ex

355 4487 588 4567 populi
657 4487 899 4551 favore
955 4490 1183 4551 totum
1233 4504 1304 4550 se
1353 4486 1646 4567 pendere
1693 4485 2021 4562 sentien3‚
2071 4485 2229 4546 ἑκὼν
2278 4499 2409 4546 non
2457 4483 2710 4564 προδώ-

355 4632 478 4674 σειν
543 4615 694 4684 τοὺς
757 4604 1034 4684 δεξιούς]
1097 4617 1221 4685 (vs.
1283 4610 1436 4684 527)
1500 4609 1714 4673 Grata
1762 4607 1943 4670 enirn
1994 4609 2463 4687 spectatorum
2518 4608 2707 4672 bene-

355 4737 707 4801 volentiae
773 4735 1106 4800 memoria
1166 4733 1521 4814 adductuS‚
1585 4749 1835 4796 novam
1897 4747 2091 4793 suam
2156 4729 2214 4793 N
2224 4729 2459 4794 ubium
2524 4732 2707 4796 fabu-
