3478 5737
1560 597 1641 661 13

705 796 801 856 B:
850 794 917 855 τὸ
968 788 1346 873 ταττόμενον
1393 796 1514 874 γὰρ
1564 790 1661 855 δεῖ
1702 806 1901 856 ποιεῖν
1950 796 2057 857 τὸν
2109 790 2402 874 σώφρονα
2419 818 2442 868 ,·

700 919 809 982 Α.·
855 916 1128 998 μάλιστα
1175 918 1457 982 πάντων.
1528 924 1639 981 Β.·
1690 922 1796 983 τὸν
1844 921 1956 1000 μὲν
2007 915 2116 983 οὖν
2165 916 2517 1004 ἀβέλτερον.

523 1043 854 1122 Tempora
898 1058 1078 1107 nova
1122 1044 1196 1107 et
1246 1047 1479 1108 vetera
1524 1047 1967 1125 opponuntur
2015 1043 2187 1107 Rau.
2237 1060 2338 1107 vs,
2392 1042 2564 1107 1069
2615 1058 2784 1123 sqq„

436 1166 553 1231 ubi
598 1165 989 1248 Aeschylus
1036 1165 1342 1247 Euripidi
1390 1166 1633 1231 obicit:

608 1278 719 1346 εἶτ’
766 1278 851 1347 αὖ
896 1281 1125 1347 λαλίαν
1172 1283 1567 1367 ἐπιτηδεῦσαι
1616 1288 1719 1347 καὶ
1771 1283 2131 1365 στωμυλίαν
2180 1283 2492 1361 ἐδίδαξας,

611 1413 647 1491 ἣ
694 1407 1051 1481 εξεκένωσεν
1102 1411 1211 1481 τάς
1257 1434 1319 1471 τε
1366 1407 1755 1491 παλαίστρας
1780 1409 1830 1487 1)
1878 1414 1982 1473 καὶ
2032 1412 2144 1481 τὰς
2189 1414 2398 1489 πυγὰς
2455 1409 2783 1491 συνέτριψε

611 1548 736 1598 τῶν
778 1536 1113 1619 μειρακίων
1163 1533 1728 1615 στωμυλλομένων,
1781 1540 1884 1599 καὶ
1933 1540 2078 1607 τοὺς
2116 1533 2442 1619 παρᾴλους
2467 1536 2782 1598 ἀνέπεισεν

607 1664 1042 1745 ἀνταγορεύειν
1091 1675 1218 1734 τοῖς
1264 1662 1579 1747 ἄρχουσιν.
1626 1663 1832 1725 καίτοι
1881 1660 2013 1725 τότε
2062 1660 2143 1740 γ’,
2192 1658 2355 1743 ἡνίκ’
2403 1662 2524 1739 ἐγὼ
2571 1660 2748 1739 ἵζων,

610 1792 720 1851 οὐκ
770 1785 1101 1871 ἠπίσταντ’
1148 1784 1290 1849 ἀλλ’
1340 1788 1376 1869 ἢ
1425 1790 1631 1867 μᾶζαν
1682 1786 1936 1851 καλέσαι
1985 1792 2090 1851 καὶ
2139 1791 2488 1870 ῥυππαπαῖ
2533 1790 2747 1849 εἰπεῖν.

522 1912 714 2001 Licet
758 1912 839 1977 de
886 1913 1193 1977 iocorum
1236 1912 1722 1977 aestimatione
1770 1916 2008 1993 postea
2053 1913 2275 1977 simus
2326 1912 2602 1993 dicturi,
2646 1911 2782 1975 iam

441 2036 549 2100 hic
614 2054 751 2101 non
814 2020 1183 2117 possumus
1245 2052 1381 2100 non
1442 2036 2016 2118 animadvertere,
2085 2038 2504 2117 quantopere
2567 2036 2786 2099 seriae

436 2159 886 2243 disputationi
948 2159 1207 2224 comica
1268 2160 1363 2224 sit
1408 2160 1901 2240 posthabenda.
1975 2158 2125 2224 Non
2175 2164 2454 2225 tantum
2503 2160 2785 2225 vocibus

433 2284 738 2350 ridiculis
804 2289 915 2359 τὰς
982 2288 1189 2362 πυγὰς
1256 2285 1585 2367 συνέτριψε
1654 2284 1760 2361 (cf.
1828 2283 2007 2348 Nub.
2079 2300 2181 2349 VS.
2221 2284 2418 2348 '1013
2465 2288 2538 2348 et»
2588 2284 2783 2361 1018)

437 2410 842 2492 Aeschylus
877 2426 1161 2474 severus
1184 2412 1257 2474 et
1282 2412 1516 2475 castus
1540 2408 1673 2488 ille,
1702 2408 1848 2489 ipse
1872 2424 2035 2473 suae
2059 2408 2334 2489 obiurga
2344 2409 2515 2473 tioni
2539 2407 2786 2473 adimit

435 2535 931 2617 efficacitatem‚
997 2552 1203 2614 quarn
1266 2534 1466 2599 seriis
1528 2533 1597 2597 in
1647 2532 2238 2613 disputationibus
2283 2549 2480 2613 aegre
2529 2532 2784 2597 deside·

436 2676 693 2741 ramae,
784 2659 900 2723 sed
971 2659 1373 2740 praesertim
1444 2657 1515 2723 in
1587 2656 2038 2737 sequentibus
2099 2657 2416 2721 versibus
2475 2657 2785 2722 Bacchus

436 2784 657 2848 iocose
703 2801 783 2849 ac
828 2783 1081 2848 ironice
1131 2782 1471 2864 Aeschylo
1510 2781 1956 2847 assentiendo
1989 2783 2212 2845 totam
2245 2781 2396 2845 eius
2426 2798 2784 2862 argumen-

438 2909 774 2986 tationem
841 2909 1115 2973 irritam
1162 2907 1410 2989 reddit,
1460 2907 1680 2989 ipsam
1728 2906 1976 2986 prioris
2021 2907 2274 2970 aetatis
2321 2906 2781 2971 laudationem

438 3034 507 3098 in
556 3033 928 3100 ludibrium
978 3035 1295 3123 vertens:
1432 3019 1435 3024 ’

440 3163 552 3242 Νὴ
600 3163 708 3222 τὸν
759 3155 1097 3236 Ἀπόλλω,
1146 3161 1249 3219 καὶ
1300 3155 1721 3240 προσπαρδεῖν
1771 3153 1920 3234 γἐἶς
1967 3159 2034 3218 τὰ
2086 3158 2283 3235 στόμα
2323 3167 2408 3242 τῷ
2457 3153 2781 3235 θαλάμακι

438 3290 541 3347 καὶ
589 3291 905 3365 μινθῶσαι
954 3287 1060 3347 τὸν
1106 3283 1417 3362 ξύσσιτον,
1465 3287 1569 3344 καὶ
1616 3283 1802 3366 ἐκβάς
1846 3306 1989 3344 τινα
2036 3279 2501 3362 λωποδυτῆσαι.

884 3423 1000 3472 νῦν
1049 3406 1107 3471 δ’
1158 3406 1499 3486 ἀντιλέγειν
1552 3405 1790 3470 κούκέτ’
1841 3404 2144 3484 ἐλαύνειν,

888 3539 991 3598 καὶ
1040 3533 1217 3597 πλεῖν
1266 3535 1431 3614 δευρὶ
1483 3529 1709 3606 καῦθις
1757 3535 1957 3595 Ξ-κεῒσε.

530 3722 1037 3788 Memorabilem
1088 3724 1159 3787 in
1194 3721 1470 3786 modum
1504 3721 1574 3784 in
1608 3720 1748 3785 illis
1778 3717 2290 3800 depravationis
2323 3715 2782 3781 recentiorum

442 3851 826 3928 temporum
861 3846 1275 3928 imaginibus
1306 3863 1463 3940 cum
1498 3847 1809 3927 utroque,
1843 3847 1988 3908 tam
2023 3843 2357 3923 scriptore
2391 3839 2782 3922 Thucydide

442 3990 644 4052 quam
723 3971 979 4036 comico
1052 3971 1513 4053 Aristophane
1582 3969 1900 4049 congruit
1970 3967 2187 4048 Plato,
2258 3983 2394 4030 non
2463 3963 2782 4044 opinione

442 4098 717 4159 tautum
783 4096 899 4159 sed
962 4096 1111 4175 ipsa
1170 4110 1439 4174 quoque
1500 4093 1815 4172 dictione,
1881 4108 2034 4155 curn
2086 4090 2186 4154 ita
2233 4089 2400 4153 dicit
2447 4089 2516 4152 in
2565 4089 2782 4168 Repu·

443 4219 617 4284 blica
663 4220 817 4300 (560
866 4219 979 4300 D):

533 4349 633 4406 καὶ
718 4350 830 4426 τὴν
914 4347 1025 4426 μὲν
1110 4343 1270 4406 αἰδῶ
1356 4341 1727 4426 ἠλιθιότητα
1812 4340 2220 4421 ὀνομάζοντες
2306 4342 2579 4400 ὠθοῦσιν
2665 4335 2780 4409 ἕξω

441 4473 728 4550 (ἀτίμως)
798 4471 1075 4550 φυγάδα,
1142 4471 1547 4551 σωφροσύνην
1619 4467 1683 4530 δὲ
1746 4465 2093 4547 ἀνανδρίαν
2157 4461 2492 4535 καλοῦντές
2553 4487 2613 4524 τε
2675 4466 2778 4524 καὶ

524 4681 571 4760 1)
626 4681 723 4739 Ex
780 4680 891 4739 hoc
944 4680 1073 4738 loco
1128 4677 1278 4736 mihi
1332 4697 1621 4755 apparere
1666 4675 1912 4768 yidetur
1954 4695 2164 4735 vocem
2205 4678 2554 4752 γυμνασίων
2597 4670 2778 4749 (Nub.

438 4779 585 4858 417)
628 4779 806 4838 valde
847 4783 1131 4838 vexatam
1170 4776 1326 4836 bene
1366 4795 1499 4836 sese
1538 4773 1776 4834 habere.
