3478 5737
1830 586 1913 650 52

703 780 960 861 ingenii
1049 783 1363 846 ubertate
1431 780 1881 860 excellebant,
1952 779 2387 845 familiariter
2454 779 2589 846 diis
2657 782 2760 846 uti
2830 781 3048 846 fuisse

703 904 942 970 solitos
1007 908 1216 984 atque
1287 921 1808 984 nonnumquam
1876 904 2099 968 eidem
2162 903 2561 970 necessitati
2628 921 2707 969 ac
2772 905 2913 969 fato
2977 906 3049 970 et

703 1030 867 1094 deos
932 1029 1004 1093 et
1073 1029 1398 1094 mortales
1459 1027 1795 1094 obnoxios
1856 1028 2233 1109 putavisse.
2260 1027 2311 1107 1)
2394 1027 2617 1109 Quare
2679 1045 2799 1111 pro
2862 1033 3047 1094 certo

702 1154 1045 1220 affirmare
1105 1154 1350 1234 ausim,
1401 1153 1697 1219 Graecos
1744 1152 1921 1218 tales
1966 1153 2050 1218 de
2098 1154 2301 1218 rebus
2346 1152 2603 1216 divinis
2648 1152 2869 1232 deque
2916 1152 3047 1234 pie-

704 1282 850 1344 tate
911 1295 1072 1358 erga
1131 1279 1454 1359 parentes
1517 1276 1802 1342 facetias
1864 1277 1985 1340 vix
2048 1293 2167 1358 pro
2232 1277 2407 1341 serio
2454 1277 2819 1358 accepisse,
2870 1277 3047 1358 quod

703 1405 759 1468 si
809 1402 1156 1486 fecissent,
1204 1402 1372 1468 talia
1418 1403 1490 1466 in
1537 1419 1787 1467 scaena
1821 1418 1955 1466 non
1992 1402 2383 1483 potuissent
2413 1401 2787 1466 identidem
2818 1401 3045 1465 offerri

704 1526 812 1607 (cf.
876 1543 931 1590 e.
992 1543 1089 1606 gr.
1147 1525 1230 1590 de
1279 1525 1544 1590 Baccho
1591 1524 1878 1590 facetias
1922 1524 1994 1589 in
2044 1525 2395 1590 Ranarum
2443 1526 2716 1602 fabula).
2788 1525 3047 1590 Verum

707 1651 891 1715 enim
964 1665 1124 1715 vero
1171 1651 1229 1714 si
1277 1649 1568 1715 facimus
1612 1649 1949 1714 comicum
2001 1651 2314 1714 nostrum
2365 1650 2473 1714 hic
2520 1651 2799 1733 pingere
2842 1653 3051 1730 atque

709 1775 1131 1839 subsannare
1193 1774 1491 1840 voluisse
1555 1773 1859 1839 Socratis
1904 1790 2323 1854 suorumque
2373 1773 2804 1856 impietatem
2866 1811 2927 1820 -
2982 1775 3048 1839 id

711 1898 887 1978 quod
935 1916 1106 1979 nego
1155 1935 1235 1944 —
1269 1902 1628 1979 totamque
1661 1912 1774 1962 τοῦ
1809 1899 2091 1963 ’Amnon
2123 1902 2349 1979 Λόγου
2379 1900 3053 1979 argumentationem

710 2023 1143 2105 proposuisse
1191 2026 1548 2104 tamquam
1597 2023 1905 2090 Socratis
1950 2025 2168 2106 ipsius
2213 2024 2724 2107 persuasionem
2771 2061 2833 2070 —
2876 2025 3053 2104 quod

711 2147 1087 2213 absurdum
1134 2148 1244 2225 (cf.
1293 2147 1472 2213 infra
1517 2167 1572 2214 c.
1606 2149 1728 2231 111,
1770 2154 1807 2226 ἓ
1850 2150 1953 2228 10)
1987 2187 2080 2232 —-,
2114 2153 2265 2214 tum
2298 2151 2722 2231 spectatores
2753 2149 3053 2230 primum

715 2273 988 2353 quidem
1052 2271 1285 2336 risisse
1348 2272 1547 2338 facile
1607 2273 1901 2356 credam,
1948 2273 2063 2338 sed
2112 2291 2295 2356 mox,
2345 2288 2457 2338 τοῦ
2505 2272 2780 2338 Ἀδίκου
2828 2273 3056 2338 verbis

716 2413 836 2478 pro
898 2394 1094 2462 seriis
1153 2397 1452 2478 acceptis
1511 2397 1817 2462 Socratis
1876 2397 2331 2479 opinionibus
2380 2399 2596 2463 risum
2643 2399 2937 2463 vertisse
2980 2397 3055 2460 iu

716 2520 1277 2603 indignationem,
1325 2524 1396 2585 et
1424 2539 1467 2586 a
1511 2521 1923 2602 posteritate
1962 2526 2201 2603 poetae
2235 2522 2481 2590 merito
2514 2539 2719 2602 quam
2752 2522 3056 2587 maxime

720 2645 891 2709 vitio
957 2649 1066 2708 est
1133 2644 1566 2726 vertendum,
1638 2644 1818 2724 quod
1890 2661 2114 2710 coram
2179 2645 2417 2710 infima
2478 2645 2673 2726 plebe
2722 2644 3057 2724 vulgoque

719 2770 918 2833 bruto
989 2768 1250 2834 Socrati
1311 2769 1574 2834 tribuat
1627 2769 2013 2834 sententias
2075 2786 2250 2850 quae
2310 2785 2445 2834 non
2509 2769 2709 2834 facile
2770 2767 3056 2834 refutari

718 2910 916 2976 posse
983 2895 1353 2959 videantur
1419 2898 1492 2959 et
1557 2910 1599 2959 a
1665 2899 1869 2976 poeta
1936 2911 2009 2959 re
2072 2911 2235 2959 vera
2296 2894 2579 2959 mininie
2642 2894 3057 2959 refutantur.

721 3019 957 3099 Neque
1003 3019 1538 3101 Aristophanem
1586 3018 1651 3082 id
1703 3018 2024 3101 voluisse,
2058 3036 2279 3099 neque
2319 3021 2741 3100 spectatores
2778 3016 3062 3082 facetias

720 3143 819 3208 sic
881 3142 1185 3224 potuisse
1246 3142 1573 3224 accipere,
1636 3142 2036 3224 praesertim
2104 3160 2190 3206 ex
2252 3147 2527 3208 nostrae
2572 3140 3061 3223 disputationis

723 3266 926 3331 Parte
973 3266 1038 3330 II
1085 3265 1373 3348 pleniuS,
1418 3266 1522 3330 uti
1569 3282 1948 3347 speramus,
1991 3266 2369 3348 apparebit.

803 3493 852 3572 1)
914 3492 990 3552 cf.
1052 3494 1257 3571 Tama,
1321 3494 1699 3571 philosophie
1755 3494 1832 3553 de
1886 3494 2027 3553 l'art
2084 3514 2159 3552 en
2215 3495 2426 3570 Grece,
2470 3493 2575 3551 ΙΠ
2615 3512 2673 3569 p.
2715 3492 2795 3551 40
2836 3512 2923 3567 sq.
2964 3488 3059 3549 ed.

724 3592 1041 3651 Bailliere:
1101 3592 1188 3649 Le
1229 3592 1406 3669 poete
1449 3592 1792 3669 theologien
1836 3592 2058 3651 circule
2101 3592 2251 3649 dans
2294 3612 2403 3649 son
2448 3590 2663 3649 monde
2706 3590 2875 3647 divin
2918 3607 3061 3647 avec

727 3795 790 3846 et
844 3788 980 3864 rire,
1037 3786 1240 3861 quand
1291 3788 1336 3845 il
1377 3793 1608 3845 mentre
1650 3788 1807 3846 Ares
1849 3788 2081 3865 surpris
2123 3788 2340 3864 aupres
2382 3786 2799 3863 d’Aphrodite.
2826 3833 2839 3844 .
2865 3832 2877 3845 .
2934 3785 3061 3842 Des

729 3885 912 3944 dieux
965 3885 1020 3943 si
1059 3884 1416 3963 rapproches
1456 3885 1533 3945 de
1575 3885 1855 3945 l'homme
1898 3886 2265 3945 deviennent
2304 3884 2539 3943 bientot
2578 3904 2675 3943 ses
2718 3882 3063 3943 canam-ades

733 3987 796 4041 et
857 3982 1223 4041 deviennent
1263 3983 1401 4059 plus
1442 3981 1582 4041 tard
1622 4002 1730 4041 son
1765 3982 1953 4059 jouet.
2016 3982 2281 4060 L'esprit
2322 3982 2376 4041 si
2416 3986 2533 4041 net.
2563 4028 2573 4039 .
2598 4028 2611 4040 .
2656 3982 2914 4040 s’amuse
2955 3980 3065 4037 des

731 4080 989 4158 mytheS,
1033 4078 1180 4154 qu’il
1222 4100 1257 4138 a
1295 4078 1440 4139 faits
1500 4078 1680 4157 (Vide
1711 4081 1957 4157 insuper
1988 4081 2121 4140 Vm
2142 4080 2411 4139 Lmntme
2429 4080 2739 4155 Bnouwna,
2763 4078 3063 4155 specimen

732 4179 935 4253 inaug.
971 4177 1124 4235 1820
1153 4197 1280 4253 cap.
1309 4176 1419 4253 Π).
1451 4176 1845 4236 Gravioribus
1873 4176 2076 4236 verbis
2104 4176 2265 4235 idem
2295 4178 2381 4235 ait
2410 4176 2786 4234 Sentiumnns
2816 4173 3062 4252 (griech.

730 4274 991 4334 Alterth.
1021 4274 1108 4350 II,
1151 4294 1209 4351 p.
1259 4276 1370 4333 123
1412 4274 1596 4351 sqq.):
1645 4275 1886 4349 „Wenn
1928 4274 2077 4333 auch
2122 4274 2223 4333 die
2264 4273 2665 4333 dichterische
2692 4272 3065 4350 Mythologie

729 4373 981 4431 niemals
1034 4373 1134 4430 die
1188 4372 1535 4430 Auctoritat
1589 4373 1756 4431 einer
1810 4371 2283 4431 Glaubenslehre
2340 4371 2489 4429 iiber
2542 4372 2643 4429 dje
2686 4370 2901 4429 Gotter
2940 4368 3065 4426 und

728 4469 1063 4546 gottlichen
1104 4471 1306 4547 Dinge
1347 4469 1788 4547 beanspruchte
1831 4472 1975 4529 oder
2015 4472 2305 4547 erlangte,
2348 4490 2414 4529 so
2456 4471 2537 4528 ist
2577 4468 2731 4527 doch
2757 4468 2889 4526 dies
2916 4486 3069 4543 ganz

729 4566 1209 4644 unverkennbar,
1288 4567 1428 4626 dass
1498 4568 1606 4626 der
1666 4568 1946 4645 religiose
2010 4568 2244 4627 Glaube
2306 4569 2413 4627 des
2472 4566 2718 4644 VolkeS,
2782 4566 2891 4623 das
2950 4564 3067 4622 den

733 4666 1054 4742 Gesangen
1115 4667 1314 4725 seiner
1366 4665 1621 4723 Dichter
1674 4666 1960 4743 lauschte,
2024 4666 2211 4725 durch
2275 4667 2363 4725 sie
2425 4671 2577 4725 statt
2636 4666 2941 4741 gelantert
2994 4682 3067 4719 zu

733 4764 994 4836 werden,
1036 4764 1306 4821 vielnaehr
1343 4764 1612 4821 verveirrt
1651 4763 1767 4821 und
1810 4764 1929 4821 irre
1964 4765 2199 4837 yes'e‘ilert
2241 4764 2461 4822 werden
2502 4761 2773 4821 mus-ete?
