3478 5737
1840 583 1965 645 130

723 776 1070 841 cotidiana
1129 776 1197 840 id
1259 792 1460 857 agere
1519 776 1798 841 solitum
1873 776 2106 859 fuisse,
2181 780 2258 842 ut
2326 778 2738 842 mortalibus
2800 794 3071 860 persua·

724 901 917 966 deret
991 900 1227 965 Iovem
1305 917 1440 965 non
1502 918 1674 983 esse,
1745 920 1966 982 neque
2035 919 2196 967 eum
2261 901 2496 967 ulcisci
2563 902 2919 982 periuros?
3002 902 3071 966 Si

723 1026 853 1090 tibi
897 1027 1230 1091 absurdae
1278 1025 1602 1090 videntur
1650 1028 2090 1106 quaestiones
2136 1027 2375 1109 quales
2422 1028 2585 1093 hae:
2634 1040 2803 1091 num
2846 1026 3077 1092 Nubes

723 1166 964 1215 revera
1009 1150 1153 1215 sint
1198 1150 1386 1232 deae,
1427 1167 1594 1213 num
1633 1149 2063 1232 Strepsiades
2107 1154 2251 1216 tam
2284 1152 2379 1217 sit
2408 1152 3072 1233 dithyrambicorum

722 1274 1275 1355 tragicorumque
1338 1292 1617 1356 poeseos
1649 1246 1961 1358 'peritus
2011 1279 2092 1341 ut
2137 1295 2292 1342 eam
2340 1278 2558 1359 possit
2604 1278 2918 1362 παρῳδεῖν
2966 1278 3075 1360 (cf.

727 1372 1099 1481 335-4339,
1189 1400 1360 1464 1260
1443 1400 1817 1482 sqq.),aliae
1894 1402 2176 1483 multae,
2248 1419 2460 1483 quare
2526 1404 2808 1468 tandem
2875 1402 3081 1468 unica

724 1524 968 1589 haecce
1052 1524 1388 1605 quaestio,
1472 1540 1640 1588 num
1710 1524 2028 1589 Socrates
2095 1525 2256 1590 deos
2322 1528 2858 1592 contemnendos
2927 1544 3077 1592 esse

726 1649 1092 1731 censuerit,
1176 1648 1305 1713 tibi
1389 1649 1815 1730 excipienda,
1903 1651 1946 1714 i.
2019 1668 2076 1715 6.
2160 1667 2297 1714 non
2376 1652 2673 1717 absurda
2742 1652 3077 1735 videatur,

728 1789 964 1853 rogare
1013 1772 1244 1838 velim.

819 1896 1127 1979 Quanam
1175 1914 1376 1979 porro
1424 1898 2024 1977 argumentatione
2065 1900 2291 1964 utitur
2326 1900 2664 1982 Socrates,
2706 1906 2785 1966 ut
2822 1901 3081 1966 rustico

731 2022 1047 2086 excutiat
1075 2022 1268 2087 illam
1309 2022 1390 2086 de
1425 2022 1719 2102 periuris
1750 2023 2194 2105 opinionem?
2233 2023 2343 2107 „Si
2377 2025 2633 2105 periuri
2666 2026 3079 2105 feriuntur,'’

730 2147 976 2229 inquit,
1044 2163 1310 2231 „nonne
1372 2145 1723 2210 Simonem
1784 2149 1858 2211 et
1920 2147 2371 2229 Cleonymum
2436 2153 2507 2213 et
2555 2150 2914 2231 Theorum,
2963 2150 3080 2229 qui

733 2272 973 2354 σφόδρα
1019 2275 1184 2336 sunt
1232 2274 1530 2354 ἐπίορκοι,
1579 2272 1720 2336 iam
1766 2272 2024 2336 dudum
2071 2272 2153 2337 de
2202 2273 2389 2338 caelo
2438 2274 2629 2354 tangi
2668 2275 3081 2354 oportebat?

732 2396 1082 2461 Iaculatur
1151 2398 1384 2460 autem
1454 2394 1765 2477 Iuppiter
1834 2394 2053 2475 ipsius
2115 2394 2451 2477 templum
2516 2400 2591 2461 et
2654 2396 2945 2461 Sunium
3009 2402 3083 2461 et

735 2538 1030 2602 quercus
1099 2536 1405 2602 magnas,
1474 2520 1694 2601 ipsius
1760 2519 1946 2583 Iovis
2014 2536 2280 2599 sacras;
2350 2522 2423 2583 et
2488 2523 2728 2585 tamen
2792 2538 3085 2601 quercus

736 2646 976 2727 utique
1015 2661 1152 2709 non
1199 2638 1524 2725 peie'rat.”
1575 2644 1787 2708 Estne
1832 2643 2330 2725 accipiendum,
2370 2644 2704 2709 comicum
2741 2650 3083 2723 nostrum,

735 2770 852 2849 qui
916 2769 1040 2833 tali
1102 2768 1703 2847 argumentatione
1750 2768 2101 2833 auditores
2146 2768 2342 2834 docet
2387 2769 2699 2834 divinam
2747 2770 3081 2834 ultionem

737 2911 872 2960 non
921 2896 1219 2974 exstare,
1268 2909 1416 2957 esse
1465 2910 1731 2957 morum
1772 2908 2124 2957 censorem
2157 2893 2345 2976 pium
2380 2895 2885 2974 sanctumque?
2934 2895 3084 2960 Nisi

736 3019 967 3085 omnia
1025 3017 1433 3099 profluxisse
1479 3018 1718 3082 credas
1781 3035 1868 3082 ex
1916 3035 2189 3083 summa
2232 3019 2445 3082 animi
2496 3019 2847 3084 hilaritate
2895 3020 3088 3084 lasci-

737 3143 1005 3224 viaque,
1090 3143 1198 3207 cui
1265 3141 1614 3207 interdum
1688 3142 2013 3207 mortales
2081 3143 2431 3222 indulgere
2498 3147 2756 3224 amant,
2828 3145 3091 3209 dixeris

739 3269 1012 3349 poetam
1075 3266 1330 3331 talibus
1392 3265 2055 3346 ratiocinationibus,
2121 3283 2296 3347 quae
2352 3268 2658 3332 refutatu
2706 3272 2874 3332 sunt
2918 3267 3089 3332 diffi-

738 3393 922 3474 ciles,
983 3409 1062 3456 ac
1123 3393 1306 3455 certe
1365 3408 1406 3454 a
1466 3390 1733 3472 popello
1782 3391 2284 3456 inconsiderato
2330 3392 2553 3456 avidis
2597 3393 2814 3474 accipi
2862 3392 3091 3457 solent

739 3517 1042 3596 auribuS,
1105 3531 1241 3579 non
1307 3515 1642 3595 profuisse
1703 3515 1817 3578 sed
1884 3531 2087 3594 quam
2152 3515 2455 3580 maxime
2508 3517 2823 3581 nocuisse
2870 3517 3089 3598 reipu-

741 3639 957 3705 blicae
1000 3638 1229 3703 saluti.

835 3762 1152 3827 Nondum
1215 3762 1385 3828 satis
1450 3765 1642 3826 metu
1691 3762 1983 3845 solutuS,
2032 3764 2397 3842 respondet
2444 3763 2871 3846 Strepsiades
2916 3765 3091 3846 cogi·

747 3886 1097 3953 tabundus
1142 3887 1356 3968 (403):

837 4016 948 4076 οὒκ
1010 4007 1130 4075 οἷδ’
1153 4032 1167 4047 ·
1225 4015 1382 4092 ἀτὰρ
1430 4007 1500 4076 εὖ
1545 4017 1620 4075 σὺ
1666 4009 1863 4088 λέγειν
1914 4013 2139 4090 φαίνει,
2184 4011 2508 4092 additque
2556 4014 2859 4092 discendi
2908 4015 3091 4096 cupi-

749 4137 910 4200 dus:
1451 4139 1510 4200 τί
1554 4139 1676 4219 γάρ
1721 4141 1884 4200 ἐστιν
1933 4135 2080 4218 δῆθ’
2131 4139 2162 4199 ὁ
2210 4143 2544 4220 κεραυνός;

839 4259 1286 4324 Communem
1374 4263 1522 4325 eius
1605 4261 1937 4342 temporis
2020 4261 2656 4342 interpretationem
2727 4265 3095 4344 postquam

752 4387 1316 4450 commemoravit
1379 4386 1840 4467 philosophus
1891 4385 2147 4450 rustico
2195 4387 2262 4450 in
2315 4389 2615 4452 mentem
2668 4388 2882 4468 venit,
2930 4388 3093 4468 quid

754 4509 814 4572 ei
877 4509 1241 4588 aliquando
1305 4509 1765 4575 ventriculum
1827 4512 2136 4589 cognatis
2196 4513 2483 4576 torrenti
2546 4513 2876 4577 evenerit.
2964 4512 3097 4577 Hic

755 4633 1006 4698 iterum
1055 4635 1261 4718 valet,
1310 4637 1486 4716 quod
1535 4636 1674 4700 iam
1712 4635 2255 4718 observavimUS,
2296 4637 2465 4702 duas
2497 4653 2608 4701 res
2638 4637 2859 4700 duove
2890 4636 3096 4720 facta,

755 4758 916 4822 licet
983 4761 1354 4840 separatim
1427 4758 1602 4824 nihil
1661 4761 1787 4824 aut
1846 4759 1988 4822 fere
2053 4759 2223 4824 nihil
2287 4762 2588 4826 habeant
2631 4759 2893 4825 insoliti
2942 4761 3099 4826 ridi·
