3478 5737
1474 602 1599 667 107

368 813 749 877 personam,
821 814 1029 876 quam
1100 814 1339 861 omnes
1406 800 1754 863 erroribus
1823 798 2226 862 obstrictam
2277 796 2713 876 intellegunt,

367 919 657 984 ludibrio
704 921 985 1001 habens,
1050 938 1280 985 coram
1341 922 1784 987 audientibus
1847 920 2190 1003 profiteris
2235 924 2305 985 te
2353 936 2486 983 non
2537 920 2713 983 serio

366 1043 571 1123 loqui.
646 1044 1058 1109 Auditorum
1116 1045 1633 1126 intellegentiae
1683 1064 1768 1109 ne
1817 1046 2025 1109 nimis
2071 1045 2342 1109 diffisus
2389 1045 2504 1107 sis,
2573 1044 2716 1108 Nec

368 1168 603 1231 tamen
651 1171 855 1249 poeta
900 1170 1289 1250 supersedit
1336 1170 1554 1234 Choro
1593 1170 1925 1234 eiusmodi
1967 1170 2270 1234 tribuere
2309 1170 2713 1249 sententias,

370 1308 455 1354 ex
502 1292 753 1371 quibus
798 1293 1138 1358 rusticum
1188 1294 1404 1375 decipi
1455 1298 1802 1376 appareat.

459 1545 495 1615 5
543 1540 604 1603 8.
700 1538 1045 1619 Quomodo
1092 1546 1294 1621 poeta
1342 1542 1467 1605 hoc
1516 1557 1721 1605 suum
1771 1541 2196 1623 propositum
2238 1540 2714 1619 elaboraverit),

375 1680 554 1727 nunc
600 1664 711 1727 est
760 1663 1155 1728 videndum.

460 1786 731 1867 Optime
780 1787 964 1868 fecit,
1013 1788 1189 1866 quod
1238 1788 1437 1852 initio
1488 1805 1707 1852 novae
1755 1804 2044 1852 scaenae
2093 1786 2444 1851 Socratem
2498 1805 2534 1849 c
2573 1787 2719 1851 loco

375 1909 718 1990 superiore
764 1909 815 1985 1)
885 1909 1221 1975 rusticum
1291 1911 1786 1991 despicientem
1857 1914 2321 1991 spectatorum
2394 1909 2723 1975 obtulerit

451 2146 499 2219 l)
556 2145 674 2204 Ad.
738 2165 821 2205 νε.
893 2146 1012 2205 218
1067 2152 1316 2205 annotat
1370 2146 1729 2223 Berglerus:
1793 2147 1952 2219 „Per
2001 2145 2338 2205 machinam
2380 2145 2722 2204 ostenditur

379 2242 652 2302 Socrates
708 2242 951 2302 ridiculi
1009 2264 1206 2317 causa.
1265 2242 1560 2319 sublimiS,
1618 2246 1679 2302 in
1731 2243 1911 2303 corbe
1953 2244 2186 2321 pensili.
2253 2243 2541 2303 Glossae:
2587 2264 2720 2321 κρε-

376 2345 617 2419 μάστρα
681 2340 1069 2399 carnalium.'’
1133 2341 1437 2400 Kockius:
1502 2340 1928 2417 Hangekorbe.
2013 2342 2098 2399 At
2160 2341 2404 2417 quina-m
2465 2340 2722 2417 philoso-

378 2438 555 2516 phum
634 2440 743 2497 tali
822 2438 998 2497 modo
1072 2439 1458 2497 extulerunt?
1540 2440 1700 2499 Num
1766 2438 2049 2517 discipuli
2113 2438 2542 2497 inverecundi?
2624 2439 2724 2497 An

377 2539 611 2615 proprio
665 2537 865 2597 Marte
921 2556 1055 2596 sese
1114 2539 1175 2595 in
1218 2536 1377 2597 hunc
1420 2537 1661 2596 modum
1706 2538 1986 2597 Socrates
2027 2544 2434 2615 spectatorum
2475 2536 2726 2615 praebet

377 2636 607 2693 oculis?
688 2635 775 2693 At
814 2635 928 2695 hoc
970 2634 1329 2694 absurdum:
1374 2642 1577 2713 partes
1620 2636 1780 2694 enim
1824 2655 1964 2693 suas
2007 2635 2287 2694 deserere
2331 2635 2564 2693 Socrati
2607 2656 2726 2695 non

378 2732 531 2805 licet,
591 2752 767 2808 quem
822 2753 933 2809 per
988 2738 1177 2791 totam
1233 2732 1520 2810 fabulam,
1564 2732 1930 2811 dignitatem
1973 2734 2512 2809 auctoritatemque
2557 2754 2725 2792 suam

378 2831 618 2906 tuendO,
683 2830 1141 2890 admirationem
1204 2832 1429 2890 rustico
1493 2832 1715 2890 inicere
1781 2838 2037 2910 oportet.
2123 2830 2311 2891 Porro
2368 2832 2472 2907 qui
2528 2833 2727 2909 potuit

377 2928 655 2988 Socrates
708 2947 782 2987 ex
838 2929 944 2987 illa
998 2928 1179 2988 corbe
1222 2930 1439 3006 pensili
1480 2949 1569 2989 νε.
1614 2930 1733 2988 239
1780 2923 2219 2997 aarassoeivew'?
2285 2930 2725 2988 Demittiturne

376 3046 411 3084 a
463 3026 797 3104 discipuIiS,
856 3027 1069 3086 rustici
1124 3025 1405 3105 precibus
1462 3027 1816 3086 commotis?
1891 3027 1976 3084 At
2031 3033 2176 3085 tunc
2217 3032 2408 3085 totam
2451 3047 2726 3086 scaenam

376 3125 489 3182 alio
553 3123 730 3182 modo
794 3123 1113 3202 oportebat
1175 3143 1306 3184 esse
1370 3125 1729 3182 institutam.
1813 3123 2140 3184 Cuiusnam
2197 3124 2445 3184 tandem
2499 3124 2726 3184 formae

376 3227 505 3280 erat
561 3221 840 3280 machina
894 3222 1042 3282 illa?
1105 3221 1183 3280 Id
1225 3223 1509 3280 nimirum
1552 3241 1660 3280 nos
1704 3221 1924 3282 docent
1967 3224 2224 3299 nomina,
2270 3241 2423 3298 quae
2465 3223 2726 3281 rusticus

376 3337 448 3377 ex
510 3338 619 3377 suo
683 3337 847 3378 more
904 3307 960 3378 ei
1018 3318 1236 3378 tribuit
1290 3339 1401 3378 nec
1456 3339 1573 3378 non
1631 3339 1717 3396 ea,
1778 3340 1931 3395 quae
1989 3319 2228 3379 Scholia
2283 3325 2345 3378 et
2385 3321 2610 3379 Lexica
2651 3320 2729 3378 ad

376 3422 647 3475 nostrum
690 3417 888 3476 locum
930 3417 1359 3476 illustrandum
1380 3417 1685 3477 exhibent.
1733 3417 1890 3475 Sunt
1919 3437 2123 3476 omnes
2153 3417 2292 3476 illae
2321 3436 2498 3476 voces
2529 3436 2727 3477 merae

376 3515 717 3573 rusticanae
775 3517 984 3592 ταρρός
1038 3517 1303 3591 (rapa-69,
1365 3513 1441 3573 cf.
1502 3521 1806 3592 τέρσομαι,
1866 3513 1977 3574 Od.
2021 3514 2136 3590 IX,
2180 3515 2342 3590 219),
2389 3513 2726 3592 κρεμάθρα,

378 3615 750 3688 κρεμάστρει,
823 3615 1023 3689 ἴκριον,
1082 3617 1360 3690 πέτευρον
1421 3608 1817 3692 (τέτρωρον),
1875 3631 2201 3687 omnesque
2265 3612 2538 3672 eiusdem
2601 3611 2728 3671 fere

378 3709 671 3782 notionis3
717 3708 1044 3785 designant
1076 3709 1297 3783 pensile
1339 3712 1677 3786 σκεύασμα,
1717 3728 1746 3767 e
1775 3709 2030 3785 calamis,
2061 3710 2388 3783 vim-inibzw,
2420 3711 2728 3768 assere-edis

378 3806 710 3882 confectum,
766 3805 829 3863 in
887 3826 1003 3882 quo
1060 3813 1430 3884 reponuntur
1484 3807 1662 3882 casei,
1723 3827 1929 3884 paneS,
1975 3808 2107 3865 alia.
2157 3806 2486 3885 Κρεμὸιὸρα
2530 3807 2730 3885 (docet

378 3902 601 3961 Moeris
656 3923 713 3980 p.
771 3904 889 3960 242
944 3909 1293 3981 κρεμάστρα
1346 3903 1598 3981 vulgare
1654 3923 1788 3963 esse
1845 3924 2078 3980 nomen,
2127 3903 2442 3982 κρεμάθρα
2483 3904 2730 3963 dialecti

382 3999 645 4078 Atticae)
689 4001 849 4078 apud
892 4001 1143 4060 Suidam
1184 4008 1281 4061 est
1320 4007 1611 4079 μετέωρόν
1658 4023 1713 4058 τι
1759 4004 2098 4079 caedua-pa,
2145 4005 2204 4058 ἐν
2252 4004 2291 4075 ᾧ
2332 4000 2620 4064 &TIS-ccxv
2652 4009 2728 4058 ταὶ

380 4100 803 4176 περιττεύοντα
858 4099 993 4170 ὄψα.
1052 4098 1227 4157 Idem
1280 4099 1432 4157 dicit
1484 4099 1669 4158 schol.
1729 4099 1810 4156 ad
1859 4098 2019 4158 Nub.
2065 4119 2153 4158 νε.
2199 4100 2333 4157 218.
2382 4133 2454 4141 —
2499 4095 2754 4176 Ταρρός’

381 4196 710 4254 secundum
765 4194 949 4254 schol.
1010 4197 1087 4254 ad
1143 4195 1301 4254 Nub.
1362 4216 1450 4256 νε.
1509 4188 1657 4254 226:
1709 4196 2008 4261 Ἀττικῶς
2053 4203 2128 4252 τοὶ
2172 4199 2242 4273 ἐξ
2283 4198 2489 4253 olo-bow
2531 4202 2728 4270 πλέγ-

380 4313 567 4370 ματα.
638 4291 932 4357 ’Άλλωςε
976 4297 1271 4372 μετέωρόν
1318 4315 1373 4351 τι
1417 4297 1607 4372 ἴκριογ.
1640 4293 1744 4371 ἐφ’
1785 4292 1847 4351 οὗ
1891 4300 1950 4350 αἱ
1992 4295 2438 4371 ἁλεκτρυονίὸες
2483 4301 2728 4370 κοιμῶν-

384 4409 500 4448 ται.
566 4423 643 4433 -
708 4391 926 4449 Pollux
990 4391 1071 4467 X,
1141 4392 1285 4449 156:
1352 4397 1630 4469 πέτευρον
1692 4393 1778 4456 δέ.
1844 4389 1906 4448 οὗ
1965 4397 2074 4455 τὰς
2133 4393 2434 4456 &vomam
2491 4388 2730 4468 ὄρνιθας

382 4486 781 4561 ἐγκαθεύδειν
846 4490 1237 4565 συμβέβηκεν
1294 4487 1471 4566 (legit
1524 4488 1741 4547 Ranke
1798 4507 1885 4546 VS.
1930 4489 2085 4547 226:
2129 4488 2238 4544 εἴτ’
2299 4491 2410 4545 ἀπὸ
2452 4490 2731 4566 πετεύρου

384 4587 549 4663 cet.);
617 4584 692 4644 cf.
755 4585 931 4644 Phot.
994 4607 1052 4664 p.
1110 4587 1246 4662 426,
1307 4589 1399 4644 11.
1476 4587 1572 4645 De
1626 4606 1774 4645 voce
1830 4590 2010 4664 ἴκριον
2065 4585 2187 4644 vid.
2243 4586 2432 4644 Arist.
2489 4585 2728 4643 Thesm.

384 4684 529 4742 395:
592 4682 932 4742 tabulatum
975 4683 1133 4741 ludis
1177 4683 1524 4760 spectandis
1567 4684 1666 4742 vel
1708 4681 2088 4742 contionibus
2129 4681 2420 4741 habendis
2463 4687 2731 4740 exstruc—

384 4785 531 4857 tum,
576 4779 653 4840 cf.
696 4779 923 4839 Herod.
966 4779 1041 4856 V,
1091 4781 1194 4854 16;
1241 4780 1404 4841 Crat.
1444 4779 1519 4839 fr.
1564 4781 1659 4840 51.
