3478 5737
1539 570 1664 635 183

425 764 623 835 τόκος.
719 762 1040 844 Explicat
1103 762 1411 843 debitor;
1473 764 1680 829 huius
1741 768 1977 831 autem
2043 767 2502 849 explicatione
2564 785 2775 833 senex

425 886 598 952 satis
658 885 1030 967 sophistice
1092 885 1204 950 vel
1266 885 1497 967 potius
1557 887 1852 953 absurde
1914 890 2159 973 utitur,
2223 897 2305 956 ut
2349 893 2592 973 probet
2639 910 2773 958 non

424 1028 721 1092 aequum
803 1027 954 1075 esse
1039 1010 1381 1093 Amyniae
1462 1016 1829 1091 argentum
1914 1013 2421 1081 incrementum
2498 1034 2771 1098 capere;

425 1136 671 1201 merito
720 1136 930 1216 igitur
977 1134 1382 1200 creditorem
1433 1135 1718 1218 propelli
1768 1137 2003 1203 credit.

515 1261 725 1327 Estne
805 1277 978 1342 opus
1057 1260 1630 1342 animadvertere,
1710 1262 1942 1328 omnia
2020 1263 2263 1328 haecce
2338 1282 2487 1329 esse
2566 1266 2775 1331 nimis

425 1386 644 1451 stulta
734 1402 940 1464 quam
1029 1387 1106 1449 ut
1189 1385 1662 1467 philosophica
1746 1385 1978 1451 studia
2060 1388 2773 1471 quantulumcumque

424 1527 544 1591 per
589 1510 958 1575 ludibrium
1007 1509 1187 1574 verti
1236 1512 1660 1589 spectatores
1707 1509 2064 1591 potuerint
2108 1511 2484 1577 arbitrari?

511 1634 692 1699 Huic
739 1637 983 1714 quarto
1029 1633 1216 1697 actui
1265 1634 1473 1697 finem
1521 1633 1818 1714 imponit
1855 1635 2058 1699 Obori
2098 1637 2441 1701 canticum
2482 1639 2760 1714 (1303-

428 1758 638 1840 1320),
687 1774 822 1837 quo
869 1759 1292 1839 spectatores
1338 1756 1517 1821 fiunt
1563 1758 1893 1823 certiores
1939 1758 2021 1823 de
2058 1759 2165 1841 iis,
2206 1778 2380 1841 quae
2418 1761 2565 1825 seni
2606 1765 2774 1827 sunt

423 1884 780 1947 eventura.
867 1880 1150 1945 Minime
1211 1880 1522 1945 obscuris
1589 1880 1821 1945 verbis
1885 1880 2148 1947 Chorus
2208 1885 2450 1950 rustici
2512 1890 2768 1951 sortem

425 2005 846 2070 vaticinatur
866 2024 880 2069 :

425 2130 645 2206 (1309)
1004 2132 1154 2192 κούκ
1203 2124 1331 2191 ἔσθ’
1381 2125 1551 2200 ὅπως
1599 2132 1672 2191 οἰ)
1720 2131 1981 2212 τήμερον

1000 2252 1269 2337 λήψεταί
1314 2280 1372 2317 τι
1420 2267 1682 2337 πρᾶγμα
1731 2256 1860 2319 Get.

423 2380 646 2457 (1319)
1004 2381 1152 2452 ἴσως
1200 2378 1280 2455 δ’,
1326 2380 1474 2453 ἴσως
1522 2378 1895 2466 βουλήσεται

999 2510 1104 2570 καὶ
1156 2506 1413 2586 ἄφωνον
1463 2510 1657 2570 αὺτὸν
1706 2501 1863 2570 εἶναι
1913 2508 2023 2585 (Sc.
2072 2507 2335 2584 filium).

509 2632 580 2696 Si
653 2632 954 2696 nondum
1027 2632 1236 2696 sciret
1304 2648 1537 2712 cavea,
1609 2630 1771 2711 quid
1842 2631 2077 2695 fabula
2146 2636 2431 2715 spectet,
2503 2653 2587 2699 ex
2661 2636 2768 2699 his

419 2759 600 2822 certe
673 2756 876 2821 Chori
945 2756 1174 2821 verbis
1237 2756 1305 2819 id
1369 2758 1640 2835 poterat
1700 2757 1990 2821 efficere.
2086 2757 2464 2823 Consilium
2528 2761 2765 2825 rustici

417 2900 708 2964 pravum
756 2883 980 2947 denuo
1028 2897 1276 2960 magna
1321 2898 1476 2945 cum
1527 2881 1598 2945 vi
1647 2881 2017 2946 denotatur
2062 2884 2319 2962 (1305):

1035 3009 1450 3088 ἀποστερῆσαι
1501 3003 1794 3090 βούλεται

1037 3137 1113 3195 τὰ
1163 3129 1439 3216 χρήμαθ’
1488 3135 1528 3192 ἃ
1577 3131 1958 3196 ἐδανείσατο.

505 3257 768 3322 Ironice
813 3257 1087 3322 additur
1131 3257 1391 3337 (1312):

931 3378 1106 3464 οἶμαι
1151 3385 1272 3464 γὰρ
1320 3385 1513 3446 αὺτὸν
1563 3380 1769 3466 αὐτίχ’
1820 3385 2115 3465 εὑρήσειν,
2162 3381 2309 3464 ὅπερ

1153 3505 1351 3570 πάλαι
1401 3507 1542 3570 ποτ’
1590 3507 1805 3587 ἐζήτει,

1061 3629 1219 3698 εἶναι
1268 3636 1376 3696 τὸν
1429 3637 1567 3696 υἱὸν
1618 3633 1821 3697 δεινόν
1872 3636 1933 3694 οἱ

1062 3761 1320 3839 γνώμας
1365 3760 1655 3832 ἐναντίας
1703 3757 1901 3837 λέγειν

1061 3897 1257 3947 τοῖσιν
1306 3883 1592 3960 δικαίοις,
1642 3883 1796 3947 ὥστε
1844 3884 1943 3947 νί-

1163 4021 1280 4072 κᾶν
1329 4007 1619 4082 ἅπαντας
1667 4007 1881 4092 οἷσπερ
1930 4007 2009 4070 ἂν

1061 4133 1459 4218 ξυγγένηται,
1507 4136 1624 4200 κᾶν
1675 4135 1821 4220 λέγῃ
1871 4135 2261 4216 παμπόνηρα
