3478 5737
1479 588 1563 649 83

364 782 565 843 totam
622 782 892 843 noctem
938 796 1073 845 non
1122 779 1641 861 expergiscitur,
1690 780 1807 844 sed
1858 796 2070 859 equos
2115 784 2188 845 et
2232 798 2475 845 currus
2521 798 2695 845 som-

362 903 517 967 niat.
606 903 813 967 Pater
872 908 1129 985 contra,
1190 920 1346 969 aere
1408 903 1629 967 alieno
1693 905 1778 969 ob
1843 902 1965 967 filii
2015 905 2384 985 uxorisque
2432 910 2558 981 (vs.
2611 904 2694 971 52

363 1027 521 1109 sqq.)
583 1028 1108 1093 immoderatam
1174 1028 1523 1093 luxuriam
1584 1044 1972 1109 oppressus,
2023 1031 2212 1093 metu
2262 1028 2698 1109 sollicitatur,

362 1169 504 1215 cum
591 1152 729 1215 iam
816 1152 1005 1217 videt
1086 1153 1365 1231 ἄγουσαν
1451 1158 1563 1233 τὴν
1642 1152 1905 1236 σελήνην
1975 1152 2246 1229 εἰκάδας,
2319 1154 2691 1232 tristesque

364 1274 684 1340 calendas
726 1292 935 1358 prope
980 1277 1238 1342 adesse.

360 1530 566 1607 aliqua,
611 1529 713 1607 (ad
754 1550 841 1589 vs.
890 1530 1004 1610 11),
1050 1550 1200 1606 quae
1245 1533 1409 1590 nulla
1450 1532 1506 1590 ei
1548 1538 1788 1609 praesto
1832 1537 1925 1591 est
1965 1532 2080 1590 sub
2124 1532 2224 1591 dio
2263 1531 2698 1609 deambulanti,

358 1628 459 1686 sed
492 1648 602 1686 sua
642 1632 814 1687 veste
859 1626 1153 1709 (ἱματίῳ)
1198 1648 1265 1688 se
1307 1630 1613 1689 involvere
1655 1630 1748 1707 (ut
1789 1648 1876 1687 vs.
1922 1630 2056 1703 735,
2089 1631 2208 1688 740
2236 1634 2378 1704 etc.)
2406 1634 2472 1687 et
2491 1630 2702 1688 ianuae

359 1726 617 1783 accline-m
660 1725 1023 1785 (lecumbere’'
1066 1724 1169 1803 (cf.
1213 1732 1350 1803 post
1390 1748 1479 1786 vs,
1529 1729 1597 1785 11
1644 1727 2156 1805 adscriptionem).

432 1823 539 1882 Th.
596 1822 891 1883 Zielinski
951 1824 1074 1901 (die
1131 1823 1507 1902 Gliederung
1561 1824 1671 1883 der
1714 1825 2103 1883 altattischen
2144 1824 2499 1899 Komoedie,
2551 1826 2702 1883 1885

358 1940 411 1997 p.
465 1922 568 1995 36)
623 1940 751 1979 rem
804 1922 891 1979 ita
934 1923 1223 1999 explicat:
1308 1922 1462 1997 „Die
1520 1922 1855 2000 Handlung
1919 1923 2100 2000 spielt
2161 1928 2364 1981 zuerst
2431 1921 2541 1980 auf
2595 1923 2704 1980 der

360 2017 541 2076 Gasse
605 2038 713 2076 vor
772 2018 911 2077 dem
972 2019 1180 2079 Hause
1243 2020 1353 2079 des
1417 2018 1801 2096 Strepsiades
1820 2039 1833 2093 ;
1891 2020 2001 2078 der
2055 2020 2202 2077 Alte
2262 2017 2534 2078 befindet
2573 2019 2703 2077 sich

360 2116 435 2172 im
490 2115 725 2189 Reien,
782 2115 932 2192 geht
986 2114 1084 2175 bei
1126 2116 1201 2177 V.
1251 2120 1321 2175 11
1368 2117 1592 2193 hinein,
1636 2117 1870 2175 kommt
1909 2116 2010 2176 bei
2053 2118 2128 2177 V.
2177 2118 2250 2174 12
2295 2117 2524 2175 wieder
2567 2136 2702 2174 zum

360 2212 713 2285 Vorschein3
758 2214 833 2273 V.
883 2214 956 2271 19
998 2213 1128 2271 ruft
1168 2232 1235 2272 er
1276 2214 1395 2273 den
1440 2214 1705 2273 Sklaven
1749 2212 1968 2273 heraus
2017 2210 2341 2294 (ἔκφερε),
2386 2214 2497 2271 der
2524 2214 2702 2274 V.5(3

358 2311 639 2387 verlegen
702 2331 780 2369 an
840 2310 952 2368 der
1014 2312 1139 2369 Τὶἱι·
1203 2310 1520 2370 erscheint.
1601 2310 2040 2389 Pheidippides
2097 2310 2368 2370 befindet
2423 2311 2550 2371 sich
2606 2311 2706 2368 die

360 2428 543 2483 ganze
604 2408 745 2467 Zeit
804 2408 1085 2475 drinnen,
1148 2408 1381 2467 kommt
1444 2415 1568 2469 exst
1622 2408 1722 2467 bei
1779 2410 1854 2468 V.
1899 2410 1976 2467 82
2028 2408 2245 2467 her-aus
2287 2410 2413 2467 und
2455 2406 2707 2485 begiebt

360 2505 483 2564 sich
528 2505 630 2565 bei
670 2507 747 2565 V.
796 2508 909 2565 125
956 2502 1246 2587 (εἴσειμι)
1290 2506 1519 2566 wieder
1560 2505 1822 2565 hinein.”

436 2604 571 2662 Non
613 2605 773 2679 licet,
817 2609 887 2662 ut
930 2604 1079 2663 mihi
1121 2604 1367 2681 quidem
1407 2604 1667 2681 videtur,
1714 2622 1918 2663 veram
1957 2602 2338 2680 facetamque
2367 2606 2456 2663 rei
2479 2605 2705 2665 scaeni-

362 2720 465 2759 cae
507 2702 965 2778 dispositionem
1008 2703 1186 2761 unius
1228 2703 1393 2761 vocis
1433 2700 1794 2779 posthabere
1837 2702 2338 2779 interpretationi.

436 2798 903 2859 Concedendum
966 2818 1096 2858 esse
1159 2818 1373 2859 censeo
1426 2818 1635 2859 vocem
1689 2802 1986 2878 ἐκφέρειν,
2045 2800 2176 2858 1000
2231 2799 2394 2858 unde
2449 2798 2708 2858 effertur

358 2889 609 2974 aliquid'
640 2919 761 2956 non
819 2898 1103 2974 indicato,
1165 2899 1517 2976 plerumque
1574 2897 1945 2976 significare:
1989 2899 2157 2970 fora-s·
2197 2898 2357 2956 ferre
2399 2897 2500 2974 (cf.
2545 2899 2702 2974 EqU.

364 2998 531 3073 1406,
597 2995 779 3073 Soph.
844 2995 1100 3055 Philoct.
1162 2997 1321 3072 651),
1382 2997 1608 3054 nullam
1665 3002 1868 3054 autem
1925 3015 2164 3054 causam
2209 2996 2440 3072 adesse,
2485 3015 2608 3072 0111,
2655 2997 2706 3054 si

362 3094 443 3151 nil
496 3099 590 3152 est
644 3093 939 3170 additum,
995 3113 1206 3154 vocem
1260 3095 1725 3171 interpretemur
1786 3113 1924 3171 per:
1969 3112 1998 3151 e
2039 3093 2202 3152 domo
2243 3093 2343 3152 vel
2387 3113 2415 3152 e
2456 3093 2704 3152 conclavi

354 3189 513 3250 ferre
554 3191 734 3250 forae.
800 3191 994 3250 Immo
1038 3189 1294 3250 verbum
1321 3191 1384 3248 in
1414 3191 1762 3250 universum
1791 3191 2060 3250 indicare
2093 3209 2404 3268 „prom—ere,
2431 3190 2702 3264 proferre

355 3307 385 3346 e
443 3290 587 3366 1000,
648 3309 767 3364 (1110
822 3290 1120 3348 asservari
1174 3289 1344 3364 solet,
1406 3307 1455 3346 e.
1494 3309 1583 3364 gr.
1630 3307 1662 3346 e
1704 3287 1983 3363 scrinio”,
2029 3290 2176 3347 satis
2221 3307 2511 3365 apparere
2556 3287 2708 3345 mihi

356 3386 599 3446 videtur
662 3407 736 3446 ex
799 3385 1018 3465 Odyss.
1082 3385 1263 3462 XXI,
1328 3405 1416 3445 VS.
1483 3387 1626 3444 178:
1684 3389 1750 3442 ἐκ
1814 3387 1877 3442 δὲ
1945 3391 2196 3450 στέατος
2260 3387 2440 3442 ἔνεικε
2504 3389 2704 3462 μέγαν

358 3490 572 3562 τροχὸν
616 3485 776 3542 ἔνδον
820 3487 1033 3550 ἐόντος,
1080 3503 1231 3558 quae
1276 3482 1462 3542 verba
1502 3483 1709 3541 statim
1753 3487 1891 3560 post
1931 3503 2174 3542 versum
2221 3485 2363 3540 176:
2396 3487 2568 3560 ἄγρει
2614 3483 2706 3558 δὴ,

356 3587 467 3658 ιττῦρ
532 3587 669 3656 κῆον
733 3585 813 3639 ἐνὶ
870 3587 1209 3659 μεγάροισι,
1268 3579 1624 3648 Μελανθεῦ,
1682 3582 1842 3639 verti
1903 3599 2010 3638 non
2065 3600 2240 3658 posse
2295 3580 2553 3639 dixerim
2601 3599 2712 3658 per

360 3677 543 3750 „effer
582 3679 797 3738 sebum
840 3697 915 3737 ex
959 3680 1089 3756 ipsa
1132 3681 1234 3738 illa
1277 3679 1471 3755 (101110,
1510 3679 1569 3736 111
1608 3698 1725 3753 qua
1763 3679 1924 3754 ignis
1961 3677 2077 3736 tibi
2107 3684 2201 3737 est
2242 3677 2706 3736 accendendus⁷'

356 3776 455 3837 (cf.
522 3777 634 3838 od.
678 3777 859 3855 VIII,
900 3779 1020 3836 439
1064 3777 1376 3854 ἐξέφερεν
1422 3776 1738 3853 θαλάμοιο,
1785 3796 1873 3834 vs,
1918 3777 2038 3833 424
2080 3777 2264 3854 δεῦρο,
2312 3779 2510 3849 γύναι,
2557 3775 2706 3854 φέρε

358 3875 597 3952 χηλόν).
666 3874 841 3934 Obici
883 3894 1028 3934 sane
1069 3880 1272 3952 potest
1314 3873 1517 3934 verbis
1560 3875 1721 3930 ἔνδον
1766 3877 1977 3939 ἐόντος,
2024 3892 2110 3932 vs.
2161 3874 2292 3948 178,
2337 3873 2594 3930 indicari
2640 3875 2706 3929 τὸ

357 3977 543 4050 στέαρ
598 3973 659 4030 111
702 3971 945 4032 aedium
987 3973 1272 4032 interiore
1314 3978 1485 4049 parte
1530 3972 1844 4048 asservari,
1891 3991 1964 4030 ex
2007 3991 2126 4046 qua
2167 3971 2250 4030 sit
2289 3970 2704 4047 promendum.

358 4067 692 4128 Observare
758 4074 959 4128 autem
1022 4071 1204 4128 liceat
1265 4069 1369 4128 illa
1433 4067 1618 4127 verba
1689 4069 1850 4125 ἔνδον
1906 4071 2098 4132 ἐόντος
2159 4067 2322 4144 apud
2375 4068 2706 4126 Homerum

358 4165 519 4224 idem
580 4165 926 4243 significare
989 4173 1170 4242 atque
1234 4169 1568 4244 παρεόντων
1630 4169 2028 4242 (χαριζομένη
2093 4168 2448 4243 παρεόντων,
2499 4165 2610 4223 Od.
2655 4165 2706 4239 I,

365 4265 497 4340 140,
542 4263 616 4332 cf.
662 4264 775 4324 Od.
822 4264 969 4341 VII,
1019 4266 1149 4341 166,
1199 4265 1331 4339 176,
1376 4262 1515 4340 XV,
1560 4265 1655 4340 77,
1702 4265 1796 4339 94,
1842 4263 1915 4320 11.
1961 4263 2143 4339 XIX,
2189 4263 2351 4337 3205,
2384 4264 2422 4321 i.
2457 4280 2506 4319 e.
2537 4263 2709 4320 exiis

356 4361 559 4438 rebus,
604 4382 855 4437 quarum
898 4363 1071 4439 copia
1112 4361 1308 4420 adhuc
1350 4366 1461 4418 est.

434 4459 576 4518 Huc
636 4459 889 4534 accedit,
954 4459 1114 4534 quod
1173 4457 1555 4535 Strepsiades
1611 4477 1727 4514 non
1788 4457 1990 4514 iubet:
2054 4457 2229 4530 „effer
2285 4457 2348 4514 et
2403 4457 2705 4514 lucernam

358 4563 523 4623 fora-s
577 4567 637 4622 et
694 4565 1007 4640 tabellas’',
1065 4565 1204 4624 sed:
1266 4568 1418 4621 ἅπτε
1462 4567 1690 4640 λύχνον
1736 4569 1833 4620 καὶ
1881 4564 2104 4640 ἔκφερε
2151 4567 2217 4619 τὸ
2259 4567 2704 4639 γραμματεῖον,

359 4661 522 4720 unde
588 4663 972 4723 efficiendum
1044 4664 1272 4721 dixeris
1336 4663 1641 4720 lucernam
1705 4663 1822 4720 iam
1888 4662 2097 4718 adesse
2163 4661 2222 4717 in
2280 4660 2548 4718 conclavi
2607 4661 2702 4717 vel

360 4759 653 4837 cubiculo,
709 4783 743 4820 a
785 4767 957 4838 parte
1000 4761 1079 4820 ad
1121 4765 1489 4838 spectatores
1532 4780 1819 4818 conversa
1862 4765 2084 4835 aperto⁷
2132 4758 2192 4814 in
2237 4779 2352 4832 quo
2395 4755 2704 4814 dormiunt
