3478 5737
1823 608 1945 672 102

802 800 1105 864 Concedo
1153 800 1451 865 comicos
1497 816 1699 879 saepe
1749 798 1959 863 nimis
2006 799 2508 865 inconsiderate
2555 818 2715 865 suas
2755 816 3064 882 promere

712 924 1015 1006 facetiae,
1079 926 1337 1004 absque
1396 923 1583 987 omni
1647 922 1956 988 laedendi
2021 923 2250 987 studio
2299 940 2500 1005 saepe
2547 924 2807 988 invitos
2849 924 3060 988 aliurn

713 1048 987 1112 iniuriis
1035 1048 1326 1112 afficere.
1381 1048 1491 1112 Sic
1541 1047 1760 1128 Plato,
1808 1047 2066 1129 pietate
2114 1064 2275 1127 erga
2323 1048 2733 1128 magistrum
2777 1066 3062 1113 commo-

712 1176 850 1253 tuS,
901 1172 1250 1237 Socratem
1300 1176 1702 1253 querentem
1753 1172 1918 1236 facit
1949 1172 2170 1253 (Apol.
2207 1190 2260 1236 c.
2300 1172 2421 1247 II):
2463 1174 2681 1236 ἐκεῖνοι
2717 1174 3062 1256 davonem,

716 1302 775 1361 οἱ
836 1302 1012 1379 ὑμῶν
1076 1303 1221 1371 τοὺς
1282 1296 1655 1370 πολλοὺς...
1720 1296 1969 1361 ἔπειθόν
2033 1322 2095 1360 τε
2160 1302 2264 1360 καὶ
2322 1301 2712 1382 κατηγόρουν
2762 1301 2932 1380 ἐμοῦ,
2980 1303 3063 1372 ὡς

714 1423 839 1486 ἔστι
899 1450 992 1497 τις
1052 1425 1419 1507 Σωκράτης,
1481 1427 1669 1505 σοφὸς
1730 1426 1913 1505 ἀνήρ,
1979 1426 2054 1486 τὰ
2111 1448 2170 1486 τε
2217 1424 2493 1505 μετέωρα
2543 1431 2910 1505 φροντιστὴς
2957 1430 3060 1488 καὶ

721 1553 811 1612 τὰ
878 1553 1024 1612 ὑπὸ
1087 1562 1227 1629 γῆς
1289 1547 1543 1611 ἅπαντα
1606 1548 2000 1631 ἀνιζητηκὼς
2048 1552 2150 1610 καὶ
2201 1552 2308 1612 τὸν
2357 1549 2524 1632 ἥττω
2573 1548 2762 1627 λόγον
2811 1554 3064 1632 κρείττω

718 1678 1024 1729 ποιῶν...
1087 1668 1145 1727 οἱ
1207 1669 1326 1747 γὰρ
1388 1668 1834 1737 ἀκούοντες
1899 1670 2200 1747 ἡγοῦνται
2263 1672 2406 1739 τοὺς
2471 1682 2672 1731 τ·ιῦτα
2721 1668 3065 1751 ζητοῦντας

717 1792 857 1855 οὐδὲ
906 1796 1085 1863 θεοὺς
1133 1790 1421 1871 νομίζειν.
1470 1789 1887 1854 Persuadere
1933 1792 2172 1853 autem
2223 1789 2391 1853 mihi
2439 1790 2660 1854 dictas
2709 1792 2794 1855 ob
2827 1809 3068 1856 causas

721 1933 857 1981 non
919 1932 1195 1997 possum
1264 1918 1533 1997 poetam
1598 1913 1910 1978 consulto
1969 1930 2048 1977 ac
2095 1913 2259 1977 data
2306 1930 2512 1995 opera
2557 1913 2734 1979 tales
2781 1916 3070 1980 facetias

726 2041 925 2105 unice
970 2039 1385 2119 adhibuisse,
1432 2040 1513 2103 ut
1560 2037 1910 2103 Socratem
1959 2038 2165 2102 hacce
2213 2055 2462 2101 scaena
2507 2042 2867 2118 tamquam
2908 2040 3070 2105 deos

722 2166 1277 2229 contemnentem
1327 2162 1708 2227 denotaret.

812 2288 943 2351 Hic
1010 2288 1240 2367 habeS,
1310 2285 1443 2350 nisi
1514 2285 1748 2350 omnia
1816 2302 1924 2349 me
1995 2285 2268 2366 fallunt,
2338 2302 2620 2350 causam
2687 2305 2807 2351 cur
2871 2292 3070 2368 poeta

724 2415 979 2491 noster,
1065 2409 1491 2491 experientia
1568 2410 1830 2490 doctuS,
1915 2410 1988 2473 in
2073 2410 2402 2489 Equitum
2473 2412 2706 2476 sabula
2773 2412 3069 2476 Chorum

724 2536 963 2601 fecerit
1009 2536 1351 2600 dicentem
1398 2540 1523 2616 (ve.
1575 2536 1704 2599 514
1753 2535 1958 2615 sqq.):

1796 2662 2028 2741 νομίζει
2078 2666 2194 2739 (Sc.
2243 2664 2275 2723 ὃ
2325 2660 2609 2745 ποιητὴς)

814 2785 1495 2870 κωμῳδοδιδασκαλίαν
1558 2782 1716 2851 εἶναι
1783 2786 2373 2872 χαλε-πιότατον
2436 2788 2672 2870 ἔργον
2736 2792 3072 2853 ἁπάντων·

816 2913 1069 2978 πολλῶν
1117 2918 1236 2995 γὰρ
1284 2912 1361 2993 δὴ
1410 2914 1842 2995 πειρασάντων
1892 2918 2090 2994 αὑτὴν
2141 2913 2375 2992 ὀλίγοις
2425 2923 2819 2999 χαρίσασθαι.

817 3040 1098 3104 Minime
1160 3038 1373 3119 igitur
1434 3039 1826 3104 mirandum
1875 3041 2148 3119 poetam
2198 3040 2338 3112 alio
2379 3040 2525 3105 loco
2575 3041 2851 3118 (EccleS.
2905 3040 3076 3103 1154

727 3167 898 3244 sqq.)
947 3179 1351 3245 provocasse
1398 3163 1469 3228 et
1514 3163 1596 3227 ad
1642 3165 1988 3245 sapientes,
2037 3181 2210 3244 quos
2257 3169 2489 3244 sperat
2534 3166 2675 3229 fore
2724 3167 2804 3228 ut
2837 3182 3076 3228 earum

729 3306 957 3354 rerum
1030 3288 1173 3351 sint
1238 3304 1597 3370 memoreS,
1662 3287 1834 3367 qua's
1896 3291 2081 3352 recte
2146 3293 2218 3352 et
2279 3289 2630 3369 sapienter
2686 3288 2956 3369 dixerit,
3005 3289 3080 3352 et

728 3413 813 3478 ad
861 3430 982 3494 eos,
1029 3413 1149 3494 qui
1196 3412 1461 3477 libenter
1504 3412 1806 3476 rideant:

862 3541 1117 3619 σμικρὸν
1168 3535 1223 3600 δ’
1273 3541 1624 3601 ὑποθέσθαι
1673 3549 1803 3609 τοῖς
1850 3551 2116 3618 κριταῖσι
2163 3536 2506 3622 βούλομαι·

865 3678 993 3738 τοῖς
1037 3678 1250 3746 σοφοῖς
1286 3664 1421 3746 μέν,
1467 3676 1591 3727 τῶν
1641 3677 1851 3745 σοφῶν
1899 3665 2309 3747 μεμνημένοις
2357 3665 2678 3746 κρίνειν
2729 3665 2896 3743 ἐμέ·

865 3806 995 3863 τοῖς
1039 3789 1259 3869 γελῶσι
1308 3786 1365 3854 δ’
1415 3790 1628 3873 ἡδέως,
1674 3791 1807 3853 διὰ
1855 3795 1936 3854 τὸ
1984 3789 2307 3869 γελᾶνῙ)
2369 3793 2680 3870 κρίνειν
2730 3791 2897 3870 ἐμέ·

868 3917 1081 4002 σχεδὸν
1130 3916 1418 3990 ἃπαντας
1465 3913 1575 3980 οὖν
1624 3916 1850 3980 κελεύω
1897 3915 2136 4000 δηλαδὴ
2188 3918 2500 3998 κρίνειν
2551 3917 2698 3997 ἐμέ.

824 4190 861 4261 g
908 4185 971 4248 6.
1064 4183 1440 4248 Videamus
1501 4199 1699 4264 porro
1759 4183 1841 4246 de
1902 4182 2152 4246 ceteris
2213 4182 2496 4247 huiusce
2555 4199 2842 4246 scaenae
2888 4179 3078 4245 iocis.

740 4307 1065 4372 Tabulam
1135 4324 1441 4388 cernenS,
1503 4306 1573 4369 in
1637 4323 1772 4385 qua
1835 4306 2016 4386 picta
2077 4310 2186 4370 est
2247 4324 2404 4387 pars
2465 4306 2654 4386 caeli,
2716 4305 2942 4385 aliam,
3005 4303 3078 4366 in

738 4449 873 4512 qua
918 4431 1327 4511 geometrica
1371 4431 1743 4511 schemata,
1790 4429 1999 4494 aliam
2046 4430 2358 4510 denique,
2409 4431 2480 4494 in
2529 4447 2663 4510 qua
2699 4447 2859 4512 pars
2895 4428 3084 4493 orbis

818 4677 869 4756 1)
918 4679 1013 4735 διὰ
1060 4679 1125 4734 τὸ
1167 4683 1361 4752 γελᾶν
1401 4677 1569 4734 Pors.
1634 4676 1815 4734 Mein.
1879 4675 2097 4750 Dind.;
2143 4677 2238 4732 διὰ
2285 4679 2384 4732 τὸν
2427 4681 2626 4750 γέλων
2669 4675 2744 4734 R.
2788 4673 2928 4731 Ald.
2971 4673 3082 4732 ΒΓ.

744 4773 939 4833 Bekk.
984 4773 1162 4833 Both.
1206 4773 1433 4852 Bergk.
1477 4772 1697 4854 Blayd.
