3478 5737
1519 610 1604 673 45

381 803 505 868 sed
574 806 851 897 tantum
920 804 1225 885 pertinet
1276 804 1360 869 ad
1426 805 1768 869 rationem
1817 806 2118 887 vivendi,
2167 824 2374 887 quam
2423 807 2736 875 Iniustus

381 926 883 993 defendendam
930 929 1253 1011 suscepit.
1302 928 1555 1009 Agitur
1600 930 1784 993 enim
1835 930 1904 993 in
1955 934 2190 995 nostro
2237 932 2612 996 certamine
2652 933 2734 997 de

382 1052 664 1116 vivendi
710 1051 975 1117 ratione
1020 1052 1093 1117 in
1136 1052 1557 1117 universum.
1607 1053 1930 1135 Quaestio
1955 1054 2076 1119 illa
2099 1055 2180 1120 de
2207 1055 2471 1121 balneis
2491 1056 2734 1121 calidis

380 1193 463 1241 eo
546 1176 827 1241 consilio
916 1194 959 1241 a
1047 1180 1252 1259 poeta
1335 1180 1444 1241 cst
1530 1177 1876 1257 instituta,
1953 1182 2029 1242 ut
2099 1177 2412 1243 Iniustus
2481 1180 2732 1245 habeat

378 1300 801 1385 occasionem
868 1304 1115 1382 argute
1202 1304 1411 1381 atque
1478 1301 1799 1382 captiose,
1896 1302 2012 1367 sed
2081 1302 2256 1367 satis
2325 1302 2728 1368 innocenter

378 1424 913 1508 demonstrandi,
963 1443 1085 1489 cur
1128 1426 1403 1491 lavacra
1446 1425 1667 1491 calida
1714 1426 1860 1489 sint
1908 1426 2267 1491 laudanda.
2354 1426 2727 1507 Postquam

376 1549 559 1613 dixit
628 1549 888 1616 Probus
956 1550 1199 1615 balnea
1258 1549 1477 1615 calida
1538 1566 1688 1614 esse
1753 1550 2155 1632 perniciosa,
2205 1551 2366 1631 quia
2415 1552 2728 1617 homines

378 1672 782 1739 effeminent
826 1677 1032 1754 atque
1078 1674 1437 1739 emolliant
1481 1679 1611 1751 (vs,
1664 1674 1858 1753 1046)
1919 1711 1981 1719 —-
2031 1673 2207 1755 quod
2242 1678 2728 1755 argumentum

380 1814 702 1877 magnam
766 1799 1013 1863 habere
1072 1799 1581 1879 auctoritatem,
1630 1814 1832 1861 nemo
1881 1798 2160 1879 negabit
2211 1835 2288 1845 —
2341 1798 2733 1864 Dissolutus

378 1922 481 1985 sic
594 1922 895 1987 refutare
1008 1923 1241 1988 studet
1334 1922 1675 1987 Probum:
1798 1920 2172 2005 „Hercules
2265 1923 2466 1987 fortis
2557 1926 2732 2005 erat,

380 2046 661 2109 nonne?
751 2046 889 2110 iam
984 2062 1143 2111 vero
1212 2046 1453 2111 balnea
1528 2044 1874 2131 Ἡράκλεια
1951 2051 2118 2111 sunt
2186 2046 2486 2111 calida!''
2583 2046 2731 2111 Hac

372 2170 1005 2249 argumentationis
1072 2170 1295 2252 specie
1363 2170 1775 2252 Dissolutus‚
1845 2170 2138 2235 victoria
2213 2171 2459 2253 elatuS,
2531 2174 2732 2253 putat

376 2292 683 2357 Probum
753 2294 1201 2359 obturbatum
1272 2296 1515 2371 (1047).
1630 2295 1760 2361 Vis
1822 2295 2084 2359 comica
2151 2296 2224 2359 et
2287 2295 2358 2359 in
2409 2296 2535 2360 hac
2581 2297 2732 2377 ipsa

374 2418 811 2499 oppositione
858 2421 967 2483 est
1014 2420 1256 2501 posita,
1304 2437 1395 2483 sc.
1443 2420 1629 2485 inter
1678 2419 1938 2483 nullius
1983 2419 2187 2500 pretii
2235 2419 2726 2484 refutationem

375 2546 455 2606 et
508 2542 803 2607 oratoris
850 2543 1193 2624 fiduciam,
1240 2543 1312 2607 et
1357 2542 1429 2608 in
1476 2560 1577 2625 eo,
1630 2542 1808 2623 quod
1861 2542 2344 2624 gravissimam
2393 2544 2729 2623 quaestio·

378 2683 543 2730 nem
616 2666 870 2731 talibus
936 2666 1228 2747 argutiis
1294 2666 1591 2733 solutam
1662 2670 1866 2749 putat
1931 2666 2263 2733 Iniustus.
2358 2667 2732 2733 Auditor-es

376 2792 617 2855 autem
679 2790 803 2855 tali
864 2790 1308 2856 altercatione
1368 2792 1453 2855 de
1513 2791 1915 2873 quaestione
1977 2792 2125 2874 ipsa
2187 2792 2524 2857 doctiores
2591 2808 2724 2857 non

380 2918 549 2980 sunt
658 2915 843 2981 facti.
982 2916 1169 2981 Nihil
1274 2916 1457 2981 aliud
1560 2916 1693 2980 nisi
1786 2917 1968 2985 risus
2061 2932 2334 2981 movere
2429 2916 2730 2982 voluisse

378 3043 656 3120 poetam
726 3057 813 3104 ex
882 3056 961 3104 eo
1030 3044 1333 3122 apparet,
1405 3041 1580 3120 quod
1650 3041 1723 3104 et
1791 3040 2084 3104 Probum
2155 3041 2252 3104 nil
2323 3039 2404 3105 de
2467 3041 2732 3106 balneis

376 3164 681 3246 amplius
747 3165 1329 3230 contradicentem
1399 3165 1567 3230 facit
1636 3165 1706 3229 et
1778 3163 1976 3230 Probi
2041 3167 2530 3245 argumentum
2599 3171 2727 3243 (vs.
2849 3247 2862 3254 -

388 3288 585 3364 1046)
632 3304 765 3352 non
814 3293 987 3370 post,
1036 3289 1153 3354 sed
1200 3293 1363 3354 ante
1409 3288 1738 3354 Dissoluti
1788 3289 2008 3352 facete
2057 3289 2244 3352 dicta
2266 3291 2376 3353 est
2403 3290 2728 3370 positum,

380 3428 518 3493 quo
586 3411 665 3476 fit
731 3415 811 3476 ut
868 3413 1217 3478 auditores
1284 3413 1367 3476 ad
1437 3413 1587 3476 eius
1646 3413 1793 3476 vim
1855 3413 1992 3476 iam
2052 3413 2282 3477 minus
2339 3413 2726 3492 attendant,

382 3537 633 3618 quippe
679 3537 1033 3601 cachinnis
1077 3537 1309 3602 dediti.

474 3660 645 3726 Cum
730 3660 987 3726 talibus
1060 3661 1237 3726 artis
1304 3661 1705 3727 dialecticae
1774 3661 2208 3744 captionibus
2276 3661 2728 3726 conferendae

384 3789 549 3850 sunt
592 3785 903 3865 argutiae
949 3785 1105 3850 illae
1152 3785 1631 3867 sophistarum
1678 3786 2032 3867 innocuae,
2083 3802 2256 3866 quas
2296 3785 2490 3850 Plato
2517 3786 2730 3850 refert

384 3909 449 3973 in
510 3909 966 3991 EuthydemO.
1030 3909 1255 3976 Merae
1302 3915 1469 3976 sunt
1512 3927 1760 3992 nugae,
1809 3927 1984 3990 quae
2033 3909 2206 3974 nihil
2256 3909 2514 3975 habent
2558 3910 2727 3991 peri·

386 4032 539 4096 culi.
590 4031 703 4096 An
749 4048 993 4113 operae
1042 4033 1343 4114 pretium
1382 4049 1531 4098 esse
1568 4033 1780 4098 ducas
1811 4033 1988 4098 serio
2025 4032 2386 4098 attendere
2422 4032 2505 4097 ad
2547 4033 2728 4115 inep-

386 4159 523 4220 tam
581 4156 1032 4236 insanamque
1090 4156 1551 4220 defensionem
1600 4155 1994 4220 huiusmodi
2033 4157 2371 4222 thesium:
2413 4155 2728 4222 Socrates

387 4282 649 4360 patrem
722 4296 855 4344 non
927 4281 1155 4345 habet.
1252 4279 1457 4344 Canis
1524 4282 1633 4344 est
1692 4283 1888 4360 pater
1947 4284 2114 4344 tuus
2181 4280 2464 4358 (etenim
2533 4285 2726 4361 pater

390 4405 495 4466 est
562 4406 633 4468 et
702 4407 927 4484 tuus);
996 4404 1054 4467 si
1118 4406 1439 4469 verberas
1508 4421 1770 4485 canem,
1818 4405 2141 4470 verberas
2187 4407 2452 4485 patrem
2501 4407 2724 4468 tuum.

390 4526 827 4593 Vestimenta
868 4529 1081 4594 videre
1118 4533 1431 4610 possunt.
1502 4528 1722 4593 Simul
1757 4528 1941 4607 loqui
1979 4531 2054 4593 et
2091 4533 2317 4594 tacere
2341 4545 2727 4610 possumus.

394 4651 619 4718 Iovem
676 4653 969 4718 vendere
1031 4653 1157 4718 tibi
1215 4653 1449 4719 licebit
1492 4652 1691 4762 (Plat.
1741 4653 2041 4735 Euthyd.
2093 4655 2242 4732 298,
2293 4653 2422 4716 299
2463 4654 2547 4733 A,
2597 4654 2728 4717 300

398 4777 473 4855 Α.,
522 4777 599 4858 Β,
648 4778 777 4842 302
826 4777 923 4856 Ε).
