3478 5737
1490 600 1615 663 105

385 796 771 875 penetraret
838 810 1123 873 seseque
1192 794 1603 859 insinuaret.
1697 794 1982 874 Semper
2048 797 2236 859 enim
2297 798 2549 878 ubique
2597 798 2726 863 sibi

384 918 731 998 proposuit
791 918 1258 982 demonstrare
1323 934 1455 981 non
1521 934 1655 997 quo
1718 918 1919 983 modo
1967 920 2134 1001 ipse,
2181 920 2296 985 sed
2349 937 2481 999 quo
2529 926 2726 1003 pacto

382 1040 681 1105 rusticus
738 1041 1031 1105 stolidus
1092 1041 1175 1105 de
1232 1041 1655 1122 philosophis
1700 1041 1920 1120 deque
1969 1042 2434 1124 philosophiae
2481 1044 2730 1109 studiis

382 1165 676 1244 cogitare
740 1166 993 1245 posset.
1072 1164 1260 1245 Quod
1322 1166 1621 1246 amplius
1682 1171 1825 1229 est:
1873 1184 2010 1231 non
2060 1167 2188 1232 sibi
2239 1168 2442 1233 finxit
2491 1186 2726 1233 veram

383 1289 685 1355 Socratis
729 1290 1123 1371 imaginem,
1172 1291 1288 1354 sed
1329 1292 1898 1370 quotiescumque
1930 1290 2059 1355 sibi
2095 1290 2442 1356 Socratem
2479 1292 2732 1371 fingere

385 1414 688 1495 debebat,
736 1431 871 1479 non
922 1414 1214 1495 propriis
1260 1414 1477 1478 oculis
1517 1416 1619 1479 uti
1661 1415 1902 1495 voluit,
1942 1416 2057 1479 sed
2098 1417 2294 1496 quasi
2335 1435 2454 1497 per
2485 1417 2728 1481 rustici

386 1538 615 1602 oculos
661 1538 791 1603 sibi
840 1536 1147 1602 Socratis
1192 1537 1557 1617 imaginem
1611 1538 2038 1603 informavit.
2133 1540 2243 1603 Sic
2290 1541 2454 1605 fecit
2503 1542 2729 1605 Socra-

388 1666 523 1727 tem
615 1666 1101 1748 ἀεροβατοῦντα,
1192 1678 1347 1727 cum
1434 1661 1750 1725 Nubibus
1835 1666 2248 1744 versantem,
2333 1664 2494 1729 deos
2581 1681 2732 1727 esso

392 1790 775 1869 negantem,
824 1792 930 1852 τὸν
981 1788 1149 1871 ἥττω
1197 1785 1385 1866 λόγον
1434 1789 1691 1869 κρείττω
1738 1800 2066 1851 ποιοῦντα.
2119 1787 2255 1851 Cur
2293 1805 2466 1869 Opus
2504 1788 2732 1867 fuerit,

393 1915 467 1975 ut
534 1917 737 1992 poeta
797 1913 897 1977 sic
958 1912 1089 1977 sibi
1150 1930 1296 1977 rem
1358 1912 1780 1992 institueret,
1841 1911 1980 1975 iam
2029 1910 2346 1976 vidimus.
2431 1911 2501 1976 Si
2549 1912 2736 1975 enim

394 2035 767 2116 philosophi
816 2034 1235 2101 ostendisset
1281 2052 1517 2099 veram
1566 2035 1957 2115 imaginem,
2009 2034 2249 2099 rustici
2296 2051 2562 2099 errores
2608 2034 2736 2099 dis·

392 2160 779 2239 siparentur
840 2160 1222 2242 philosophi
1279 2160 1585 2225 consiliis
1630 2176 1710 2223 ac
1759 2160 2096 2241 sapientia
2143 2176 2418 2223 necesse
2467 2159 2736 2239 fuisset,

398 2290 763 2365 nostraque
810 2286 1044 2350 fabula
1089 2290 1273 2349 stare
1322 2301 1455 2348 non
1507 2289 1758 2365 posset.

480 2410 622 2490 Quo
690 2411 887 2474 modo
949 2411 1163 2490 igitur
1224 2409 1529 2474 rusticus
1584 2408 1714 2472 sibi
1766 2408 2118 2472 Socratem
2167 2406 2422 2471 finxit?
2492 2406 2737 2487 Cogno·

398 2538 680 2599 vei-atne
766 2552 1007 2599 revera
1073 2534 1445 2599 discrimen
1516 2535 1699 2597 inter
1769 2532 2116 2597 Socratem
2189 2536 2261 2595 et
2329 2532 2738 2613 Sophistas‘?

398 2656 754 2722 Sciebatne
786 2662 1137 2759 accurate,
1186 2658 1599 2739 quibusnam
1647 2657 1900 2721 studiis
1923 2656 2253 2721 Socrates
2285 2656 2737 2735 incumberet,

398 2800 657 2861 quaeve
722 2783 1149 2863 negligeret?
1230 2783 1481 2847 Fuitne
1542 2784 1604 2847 ei
1668 2796 1778 2847 τοῦ
1828 2782 2084 2866 ἥττονος
2131 2781 2324 2861 λόγου
2377 2782 2562 2846 notio
2611 2781 2741 2862 dis·

398 2906 664 2972 tincta?
748 2907 1095 2974 Notumne
1178 2909 1240 2972 ei
1318 2909 1473 2989 fuit,
1560 2909 1801 2988 quales
1885 2909 2268 2990 philosophi
2355 2908 2744 2987 cogitarent

395 3030 602 3094 deos?
674 3032 771 3096 At
831 3033 1201 3096 absurdum
1266 3039 1395 3114 est,
1446 3033 1657 3097 talem
1704 3034 1787 3098 de
1835 3033 2092 3097 rustico
2140 3049 2416 3096 movere
2465 3047 2736 3112 exspec-

398 3155 753 3219 tationem.
780 3155 829 3232 1)
922 3157 994 3220 Id
1066 3173 1281 3236 aeque
1351 3161 1459 3221 est
1525 3159 1900 3222 absurdum
1972 3161 2182 3236 atque
2252 3155 2629 3236 efflagitare
2697 3172 2739 3218 a

398 3283 615 3360 poeta,
682 3283 759 3343 ut
820 3280 1167 3344 Socratem
1233 3281 1443 3344 faciat
1490 3281 1559 3344 in
1611 3285 1852 3346 nostra
1897 3282 2246 3347 comoedia
2291 3280 2736 3360 dissipantem

398 3417 635 3466 omnes
716 3403 873 3467 illos
955 3405 1198 3468 rustici
1268 3421 1552 3468 errores,
1649 3405 1966 3484 Agricola
2033 3406 2162 3469 sibi
2233 3406 2374 3470 fere
2442 3405 2742 3468 finxerat

399 3525 747 3591 Socratem
817 3527 1088 3606 qualem
1139 3534 1341 3609 poeta
1387 3530 1583 3594 nobis
1630 3547 1792 3594 eum
1839 3530 1911 3594 in
1961 3533 2196 3594 nostra
2243 3527 2476 3592 fabula
2521 3531 2742 3591 osten—

475 3792 525 3862 1)
585 3789 689 3848 Ad
748 3789 901 3850 hanc
963 3809 1090 3848 rem
1151 3790 1299 3849 mihi
1361 3790 1609 3850 videtur
1670 3791 1779 3850 Fa.
1843 3792 2176 3852 Unnnnwno
2237 3791 2596 3868 (Grundriss
2635 3790 2746 3848 der

401 3886 615 3946 Gesch.
674 3886 783 3945 der
836 3887 1061 3946 Philos.
1117 3909 1175 3966 p.
1236 3887 1371 3966 113)
1428 3908 1547 3947 non
1592 3890 1742 3947 satis
1789 3889 2140 3964 attendisse,
2191 3909 2310 3964 quo
2355 3887 2582 3947 iudice:
2645 3907 2747 3960 „er

397 3983 877 4062 (Aristophanes)
934 3985 1023 4044 als
1075 3985 1244 4044 nicht
1297 3985 1857 4064 philosophirender
1911 3986 2168 4046 Dichter
2221 3985 2348 4044 und
2390 3986 2625 4059 (soweit
2679 4005 2745 4044 es

398 4081 519 4140 ihm
572 4081 763 4140 Ernst
817 4081 1010 4140 damit
1066 4083 1169 4160 ist)
1227 4083 1788 4160 antisophistischer
1841 4083 2104 4142 Ethiker
2143 4083 2272 4141 und
2313 4081 2744 4159 altbiirgerlich

398 4178 821 4258 patriotischer
878 4180 1178 4239 Politiker
1238 4181 1337 4240 die
1395 4181 1766 4258 Bedeutung
1817 4182 1918 4238 der
1965 4182 2325 4256 specifischen
2377 4179 2744 4253 Differenzen

402 4276 717 4337 innerhalb
770 4277 881 4336 der
933 4278 1318 4357 Philosophie
1358 4280 1540 4338 kaum
1583 4280 1781 4337 seiner
1821 4277 2385 4338 Aufmerksamkeit
2423 4278 2742 4354 wiirdigte,

402 4375 782 4452 geschweige
844 4375 1007 4434 demi
1068 4376 1254 4435 deren
1308 4375 1825 4436 Wesentlichkeit
1881 4397 1952 4434 zu
1996 4375 2304 4435 erkennen
2344 4374 2744 4434 vermochte.''

403 4473 677 4532 Dixerim
731 4472 798 4530 id
847 4478 1113 4535 nostram
1156 4473 1523 4532 comoediam
1566 4491 1675 4531 nos
1716 4492 1836 4531 non
1876 4473 2092 4532 docere
2133 4491 2326 4550 posse,
2372 4472 2650 4547 quoniam
2693 4471 2749 4528 si

404 4570 479 4629 de
520 4568 745 4629 talibus
789 4569 969 4628 rebus
1010 4571 1261 4628 minutis
1303 4571 1365 4628 et
1408 4570 1715 4629 Socratem
1759 4571 1822 4627 et
1858 4569 2268 4646 Strepsiadem
2297 4568 2544 4628 fecisset
2569 4575 2748 4645 poeta

404 4667 801 4746 disputanteS,
867 4687 1051 4727 cavea
1109 4668 1332 4728 nedum
1396 4667 1780 4745 Strepsiades
1843 4667 1970 4744 ipse
2033 4687 2108 4726 ex
2172 4668 2248 4725 iis
2303 4667 2454 4724 nihil
2509 4657 2747 4724 omnino

408 4765 822 4826 intellexisset.
