3478 5737
1830 654 1901 699 1v

1784 856 1943 921 XII.

785 1083 1120 1148 Arrianus
1179 1084 1249 1145 in
1312 1082 1562 1147 fabulis
1621 1080 1701 1144 de
1766 1080 2028 1143 Baccho
2088 1079 2490 1143 enarrandis
2551 1080 2874 1156 (Anabas.
2943 1080 3025 1161 V,

699 1228 754 1308 1,
805 1228 866 1307 2,
914 1224 1376 1304 3)·credulum
1423 1222 2019 1301 verecundumque
2066 1239 2138 1285 se
2177 1222 2495 1301 ostendit,
2534 1239 2757 1301 neque
2794 1224 3023 1287 tenuit

691 1384 896 1448 grave
958 1371 1029 1431 et
1088 1383 1406 1431 severum
1467 1365 1821 1444 iudicium,
1884 1364 2060 1444 quod
2122 1364 2513 1444 ceteroquin
2572 1364 2642 1428 in
2693 1364 3021 1429 eiusmodi

693 1508 1202 1574 narrationibus
1246 1507 1723 1588 percensendis
1770 1522 2089 1571 exercere
2139 1506 2333 1571 solet.

1764 1799 1955 1863 XIII.

781 2024 1117 2087 Arrianus
1182 2023 1253 2086 in
1323 2040 1402 2087 ea
1469 2025 1664 2103 parte
1732 2022 2083 2103 librorum,
2148 2022 2264 2085 ubi
2330 2021 2798 2086 Alexandrum
2864 2039 3019 2086 cum

694 2166 956 2229 Baccho
1018 2164 1311 2229 contulit
1371 2167 1442 2228 et
1501 2164 1583 2228 de
1644 2164 1849 2227 rebus
1909 2164 1993 2228 ab
2049 2163 2177 2227 hoc
2238 2163 2362 2228 deo
2424 2163 2495 2227 in
2560 2163 2753 2227 India
2814 2164 3026 2245 gestis

690 2306 848 2387 egit,
896 2323 1033 2370 non
1079 2305 1575 2371 Eratosthenem
1619 2310 1726 2371 est
1773 2310 2070 2385 secutuS,
2121 2309 2200 2371 ut
2238 2306 2560 2387 opinatur
2600 2304 3022 2388 Droysenius

691 2448 956 2529 (Gesch.
1005 2448 1200 2511 Alex.
1246 2448 1308 2512 d.
1357 2447 1492 2529 Gr„
1541 2447 1813 2528 Beilage
1862 2448 1944 2525 ΙΙ,
1994 2465 2055 2527 p.
2100 2448 2277 2528 412),
2326 2448 2443 2511 sed
2494 2448 2902 2513 Clitarchum
2950 2452 3023 2513 et

697 2590 1146 2655 Onesim‘itum.

1761 2837 1953 2902 XIV.

779 3077 1035 3142 Tabula
1115 3078 1454 3159 pontificis
1535 3078 1732 3142 initio
1816 3094 1895 3142 eo
1978 3078 2259 3142 consilio
2344 3082 2867 3160 proponebatur,
2940 3084 3016 3144 ut

687 3219 1054 3284 inserviret
1098 3236 1446 3284 sacrorum
1493 3220 2042 3284 necessitatibus.

1774 3513 1932 3578 XV.

779 3733 1240 3816 Protagoram,
1323 3735 1717 3800 studentem
1801 3736 2119 3813 ἐπιδεῖξαι,
2203 3741 2285 3810 ὡς
2368 3739 2661 3803 διδακτόν
2750 3741 2911 3804 ἔστιν
2983 3744 3017 3821 ἡ

685 3879 890 3958 ἀρετή,
942 3876 1256 3957 mythum
1305 3876 1384 3940 de
1435 3877 1839 3942 Prometheo
1888 3880 2222 3944 narrando
2271 3881 2465 3956 (Plat.
2507 3881 2716 3962 Prot.)
2748 3886 3021 3948 contra·

687 4018 864 4084 rium
913 4018 1060 4083 eius
1105 4019 1222 4100 rei,
1271 4035 1478 4098 quam
1525 4021 1810 4100 probare
1856 4028 2163 4103 conatur,
2212 4027 2533 4103 probasse
2583 4043 2845 4091 censeo.

1760 4296 1951 4360 XVI.

762 4515 1040 4580 Iniuria
1085 4515 1153 4578 Ε.
1199 4515 1388 4581 Koch
1433 4516 1722 4596 (Griech.
1775 4517 2058 4584 Studien
2112 4519 2191 4584 H.
2239 4521 2511 4602 Lipsius
2542 4524 3018 4610 dargebraeht‚

699 4655 887 4738 1894,
937 4675 996 4738 p.
1047 4658 1121 4720 ll
1172 4663 1343 4738 sqq.)
1393 4664 1458 4722 τὸ
1508 4659 1903 4746 ληξιαρχικὸν
1950 4679 2371 4744 γραμματεῖον
2414 4667 2835 4748 appellatum
2866 4687 3021 4736 OSSO

697 4801 930 4865 censet
975 4803 1099 4861 ἀπὸ
1148 4815 1255 4864 τοῦ
1304 4801 1510 4887 λαχεῖν
1561 4811 1668 4877 τὰς
1715 4809 1929 4890 ἀρχάς.
