<?xml version="1.0" encoding="UTF-8"?>
<!DOCTYPE html PUBLIC "-//W3C//DTD XHTML 1.0 Transitional//EN"
    "http://www.w3.org/TR/xhtml1/DTD/xhtml1-transitional.dtd">
<html xmlns="http://www.w3.org/1999/xhtml" xml:lang="en" lang="en">
 <head>
  <title>
</title>
<meta http-equiv="Content-Type" content="text/html;charset=utf-8" />
  <meta name='ocr-system' content='tesseract 3.04.00' />
  <meta name='ocr-capabilities' content='ocr_page ocr_carea ocr_par ocr_line ocrx_word'/>
</head>
<body>
  <div class='ocr_page' id='page_1' title='image "./dearistophanisi00heldgoog_0094.png"; bbox 0 0 3478 5737; ppageno 0'>
   <div class='ocr_carea' id='block_1_1' title="bbox 1811 584 1893 647">
    <p class='ocr_par' dir='ltr' id='par_1_1' title="bbox 1811 584 1893 647">
     <span class='ocr_line' id='line_1_1' title="bbox 1811 584 1893 647; baseline -0.024 0"><span class='ocrx_word' id='word_1_1' title='bbox 1811 584 1893 647; x_wconf 90' lang='lat'>78</span> 
     </span>
    </p>
   </div>
   <div class='ocr_carea' id='block_1_2' title="bbox 675 773 3024 4327">
    <p class='ocr_par' dir='ltr' id='par_1_2' title="bbox 675 773 3024 4327">
     <span class='ocr_line' id='line_1_2' title="bbox 677 773 3024 859; baseline -0.003 -16"><span class='ocrx_word' id='word_1_2' title='bbox 677 784 826 859; x_wconf 88' lang='lat' dir='ltr'>(aus</span> <span class='ocrx_word' id='word_1_3' title='bbox 870 779 1177 857; x_wconf 87' lang='lat' dir='ltr'>eigenem</span> <span class='ocrx_word' id='word_1_4' title='bbox 1232 778 1585 855; x_wconf 87' lang='lat' dir='ltr'>Antriebe)</span> <span class='ocrx_word' id='word_1_5' title='bbox 1632 796 1782 842; x_wconf 88' lang='lat' dir='ltr'>sese</span> <span class='ocrx_word' id='word_1_6' title='bbox 1828 776 2114 841; x_wconf 75' lang='lat' dir='ltr'>tradidit</span> <span class='ocrx_word' id='word_1_7' title='bbox 2150 776 2257 856; x_wconf 85' lang='lat' dir='ltr'>(cf.</span> <span class='ocrx_word' id='word_1_8' title='bbox 2297 794 2441 858; x_wconf 89' lang='lat' dir='ltr'>cap.</span> <span class='ocrx_word' id='word_1_9' title='bbox 2483 776 2568 855; x_wconf 91' lang='lat' dir='ltr'>II,</span> <span class='ocrx_word' id='word_1_10' title='bbox 2608 776 2689 838; x_wconf 89' lang='lat' dir='ltr'>de</span> <span class='ocrx_word' id='word_1_11' title='bbox 2729 775 2911 838; x_wconf 89' lang='lat' dir='ltr'>Actu</span> <span class='ocrx_word' id='word_1_12' title='bbox 2943 773 3024 848; x_wconf 91' lang='lat' dir='ltr'>I).</span> 
     </span>
     <span class='ocr_line' id='line_1_3' title="bbox 681 900 3012 967; baseline -0.002 0"><span class='ocrx_word' id='word_1_13' title='bbox 681 904 936 967; x_wconf 78' lang='lat' dir='ltr'>Deinde</span> <span class='ocrx_word' id='word_1_14' title='bbox 987 938 1066 947; x_wconf 94' lang='lat'>-—-</span> <span class='ocrx_word' id='word_1_15' title='bbox 1116 906 1195 966; x_wconf 90' lang='lat' dir='ltr'>ut</span> <span class='ocrx_word' id='word_1_16' title='bbox 1242 904 1418 967; x_wconf 89' lang='lat' dir='ltr'>bona</span> <span class='ocrx_word' id='word_1_17' title='bbox 1462 919 1619 966; x_wconf 88' lang='lat' dir='ltr'>cum</span> <span class='ocrx_word' id='word_1_18' title='bbox 1667 902 1872 965; x_wconf 88' lang='lat' dir='ltr'>venia</span> <span class='ocrx_word' id='word_1_19' title='bbox 1917 901 1988 964; x_wconf 93' lang='lat' dir='ltr'>in</span> <span class='ocrx_word' id='word_1_20' title='bbox 2039 900 2436 965; x_wconf 83' lang='lat' dir='ltr'>memoriam</span> <span class='ocrx_word' id='word_1_21' title='bbox 2489 914 2890 963; x_wconf 80' lang='lat' dir='ltr'>revocemus</span> <span class='ocrx_word' id='word_1_22' title='bbox 2949 935 3012 943; x_wconf 91' lang='lat'><em>-</em></span> 
     </span>
     <span class='ocr_line' id='line_1_4' title="bbox 678 1020 3020 1107; baseline -0.003 -16"><span class='ocrx_word' id='word_1_23' title='bbox 678 1026 911 1091; x_wconf 84' lang='lat' dir='ltr'>fabula</span> <span class='ocrx_word' id='word_1_24' title='bbox 998 1030 1235 1091; x_wconf 89' lang='lat' dir='ltr'>nostra</span> <span class='ocrx_word' id='word_1_25' title='bbox 1316 1028 1593 1089; x_wconf 84' lang='lat' dir='ltr'>exstare</span> <span class='ocrx_word' id='word_1_26' title='bbox 1664 1041 1802 1090; x_wconf 90' lang='lat' dir='ltr'>non</span> <span class='ocrx_word' id='word_1_27' title='bbox 1873 1026 2122 1107; x_wconf 85' lang='lat' dir='ltr'>potest,</span> <span class='ocrx_word' id='word_1_28' title='bbox 2195 1024 2329 1088; x_wconf 88' lang='lat' dir='ltr'>nisi</span> <span class='ocrx_word' id='word_1_29' title='bbox 2399 1024 2598 1087; x_wconf 90' lang='lat' dir='ltr'>nobis</span> <span class='ocrx_word' id='word_1_30' title='bbox 2668 1020 3020 1087; x_wconf 74' lang='lat' dir='ltr'>Socratem</span> 
     </span>
     <span class='ocr_line' id='line_1_5' title="bbox 679 1146 3022 1230; baseline -0.002 -16"><span class='ocrx_word' id='word_1_31' title='bbox 679 1150 1018 1230; x_wconf 79' lang='lat' dir='ltr'>fingimuS,</span> <span class='ocrx_word' id='word_1_32' title='bbox 1099 1165 1315 1228; x_wconf 88' lang='lat' dir='ltr'>aeque</span> <span class='ocrx_word' id='word_1_33' title='bbox 1398 1152 1609 1228; x_wconf 90' lang='lat' dir='ltr'>atque</span> <span class='ocrx_word' id='word_1_34' title='bbox 1699 1149 2018 1229; x_wconf 87' lang='lat' dir='ltr'>Chorum,</span> <span class='ocrx_word' id='word_1_35' title='bbox 2109 1146 2524 1229; x_wconf 86' lang='lat' dir='ltr'>Strepsiadis</span> <span class='ocrx_word' id='word_1_36' title='bbox 2607 1162 2872 1210; x_wconf 88' lang='lat' dir='ltr'>errores</span> <span class='ocrx_word' id='word_1_37' title='bbox 2937 1146 3022 1209; x_wconf 87' lang='lat' dir='ltr'>dc</span> 
     </span>
     <span class='ocr_line' id='line_1_6' title="bbox 680 1270 3022 1355; baseline -0.003 -16"><span class='ocrx_word' id='word_1_38' title='bbox 680 1273 1021 1339; x_wconf 86' lang='lat' dir='ltr'>industria</span> <span class='ocrx_word' id='word_1_39' title='bbox 1088 1272 1633 1354; x_wconf 84' lang='lat' dir='ltr'>confirmantem,</span> <span class='ocrx_word' id='word_1_40' title='bbox 1706 1275 1784 1336; x_wconf 93' lang='lat' dir='ltr'>ut</span> <span class='ocrx_word' id='word_1_41' title='bbox 1843 1272 2271 1355; x_wconf 80' lang='lat' dir='ltr'>experientia</span> <span class='ocrx_word' id='word_1_42' title='bbox 2330 1272 2480 1353; x_wconf 86' lang='lat' dir='ltr'>ipsa</span> <span class='ocrx_word' id='word_1_43' title='bbox 2541 1270 3022 1335; x_wconf 86' lang='lat' dir='ltr'>fraudulentus</span> 
     </span>
     <span class='ocr_line' id='line_1_7' title="bbox 684 1394 3021 1461; baseline -0.002 0"><span class='ocrx_word' id='word_1_44' title='bbox 684 1400 919 1461; x_wconf 87' lang='lat' dir='ltr'>noster</span> <span class='ocrx_word' id='word_1_45' title='bbox 964 1396 1303 1461; x_wconf 89' lang='lat' dir='ltr'>doceatur.</span> <span class='ocrx_word' id='word_1_46' title='bbox 1392 1395 1463 1459; x_wconf 89' lang='lat' dir='ltr'>Si</span> <span class='ocrx_word' id='word_1_47' title='bbox 1510 1396 1943 1460; x_wconf 89' lang='lat' dir='ltr'>obiciendum</span> <span class='ocrx_word' id='word_1_48' title='bbox 1989 1394 2118 1460; x_wconf 91' lang='lat' dir='ltr'>tibi</span> <span class='ocrx_word' id='word_1_49' title='bbox 2166 1394 2444 1459; x_wconf 89' lang='lat' dir='ltr'>videtur</span> <span class='ocrx_word' id='word_1_50' title='bbox 2491 1394 2842 1459; x_wconf 78' lang='lat' dir='ltr'>Socratem</span> <span class='ocrx_word' id='word_1_51' title='bbox 2893 1410 3021 1457; x_wconf 81' lang='lat' dir='ltr'>non</span> 
     </span>
     <span class='ocr_line' id='line_1_8' title="bbox 678 1517 3020 1602; baseline -0.003 -16"><span class='ocrx_word' id='word_1_52' title='bbox 678 1523 843 1586; x_wconf 75' lang='lat' dir='ltr'>(lata</span> <span class='ocrx_word' id='word_1_53' title='bbox 910 1538 1109 1602; x_wconf 77' lang='lat' dir='ltr'>opera</span> <span class='ocrx_word' id='word_1_54' title='bbox 1176 1520 1275 1584; x_wconf 87' lang='lat' dir='ltr'>sic</span> <span class='ocrx_word' id='word_1_55' title='bbox 1344 1520 1473 1585; x_wconf 89' lang='lat' dir='ltr'>sibi</span> <span class='ocrx_word' id='word_1_56' title='bbox 1545 1537 1688 1583; x_wconf 90' lang='lat' dir='ltr'>rem</span> <span class='ocrx_word' id='word_1_57' title='bbox 1752 1520 2204 1601; x_wconf 78' lang='lat' dir='ltr'>proposuisse,</span> <span class='ocrx_word' id='word_1_58' title='bbox 2267 1522 2454 1583; x_wconf 89' lang='lat' dir='ltr'>certe</span> <span class='ocrx_word' id='word_1_59' title='bbox 2515 1517 3020 1582; x_wconf 89' lang='lat' dir='ltr'>concedendum</span> 
     </span>
     <span class='ocr_line' id='line_1_9' title="bbox 676 1642 3023 1727; baseline -0.002 -18"><span class='ocrx_word' id='word_1_60' title='bbox 676 1646 832 1727; x_wconf 87' lang='lat' dir='ltr'>erit,</span> <span class='ocrx_word' id='word_1_61' title='bbox 897 1644 1251 1709; x_wconf 86' lang='lat' dir='ltr'>Socratem</span> <span class='ocrx_word' id='word_1_62' title='bbox 1297 1662 1339 1707; x_wconf 82' lang='lat' dir='ltr'>a.</span> <span class='ocrx_word' id='word_1_63' title='bbox 1386 1648 1585 1726; x_wconf 85' lang='lat' dir='ltr'>poeta</span> <span class='ocrx_word' id='word_1_64' title='bbox 1632 1643 1852 1708; x_wconf 86' lang='lat' dir='ltr'>multo</span> <span class='ocrx_word' id='word_1_65' title='bbox 1900 1645 2156 1709; x_wconf 87' lang='lat' dir='ltr'>rust-ico</span> <span class='ocrx_word' id='word_1_66' title='bbox 2205 1642 2594 1708; x_wconf 71' lang='lat' dir='ltr'>stultiorem</span> <span class='ocrx_word' id='word_1_67' title='bbox 2645 1660 2795 1707; x_wconf 84' lang='lat' dir='ltr'>esse</span> <span class='ocrx_word' id='word_1_68' title='bbox 2843 1642 3023 1705; x_wconf 88' lang='lat' dir='ltr'>habi-</span> 
     </span>
     <span class='ocr_line' id='line_1_10' title="bbox 676 1765 3024 1849; baseline -0.002 -17"><span class='ocrx_word' id='word_1_69' title='bbox 676 1772 851 1849; x_wconf 90' lang='lat' dir='ltr'>tum,</span> <span class='ocrx_word' id='word_1_70' title='bbox 924 1772 1161 1849; x_wconf 87' lang='lat' dir='ltr'>utpote</span> <span class='ocrx_word' id='word_1_71' title='bbox 1232 1766 1625 1830; x_wconf 86' lang='lat' dir='ltr'>credentem</span> <span class='ocrx_word' id='word_1_72' title='bbox 1688 1780 1774 1841; x_wconf 76' lang='grc' dir='ltr'>τῷ</span> <span class='ocrx_word' id='word_1_73' title='bbox 1838 1766 2052 1849; x_wconf 71' lang='grc' dir='ltr'><em>ἥττονι</em></span> <span class='ocrx_word' id='word_1_74' title='bbox 2115 1765 2282 1847; x_wconf 74' lang='grc' dir='ltr'><em>λόγῳ</em></span> <span class='ocrx_word' id='word_1_75' title='bbox 2347 1765 2722 1830; x_wconf 86' lang='lat' dir='ltr'>creditores</span> <span class='ocrx_word' id='word_1_76' title='bbox 2783 1780 3024 1828; x_wconf 86' lang='lat' dir='ltr'>revera</span> 
     </span>
     <span class='ocr_line' id='line_1_11' title="bbox 676 1888 3022 1973; baseline -0.002 -17"><span class='ocrx_word' id='word_1_77' title='bbox 676 1892 857 1971; x_wconf 82' lang='lat' dir='ltr'>abigi</span> <span class='ocrx_word' id='word_1_78' title='bbox 922 1908 1118 1972; x_wconf 87' lang='lat' dir='ltr'>posse</span> <span class='ocrx_word' id='word_1_79' title='bbox 1178 1890 1289 1967; x_wconf 87' lang='lat' dir='ltr'>(cf.</span> <span class='ocrx_word' id='word_1_80' title='bbox 1350 1890 1538 1955; x_wconf 80' lang='lat' dir='ltr'>Part.</span> <span class='ocrx_word' id='word_1_81' title='bbox 1602 1890 1687 1973; x_wconf 91' lang='lat'>11,</span> <span class='ocrx_word' id='word_1_82' title='bbox 1754 1909 1808 1955; x_wconf 90' lang='lat' dir='ltr'>c.</span> <span class='ocrx_word' id='word_1_83' title='bbox 1859 1891 1978 1973; x_wconf 90' lang='lat' dir='ltr'>VI,</span> <span class='ocrx_word' id='word_1_84' title='bbox 2029 1892 2066 1973; x_wconf 64' lang='grc' dir='ltr'><strong>ἓ</strong></span> <span class='ocrx_word' id='word_1_85' title='bbox 2119 1894 2198 1967; x_wconf 94' lang='grc'>1).</span> <span class='ocrx_word' id='word_1_86' title='bbox 2275 1890 2668 1955; x_wconf 86' lang='lat' dir='ltr'>Theodorus</span> <span class='ocrx_word' id='word_1_87' title='bbox 2715 1888 3022 1954; x_wconf 85' lang='lat' dir='ltr'>Kockius</span> 
     </span>
     <span class='ocr_line' id='line_1_12' title="bbox 678 2013 3020 2097; baseline -0.001 -18"><span class='ocrx_word' id='word_1_88' title='bbox 678 2020 919 2080; x_wconf 75' lang='lat' dir='ltr'>contra</span> <span class='ocrx_word' id='word_1_89' title='bbox 942 2015 1014 2097; x_wconf 87' lang='lat'>1),</span> <span class='ocrx_word' id='word_1_90' title='bbox 1082 2015 1271 2079; x_wconf 87' lang='lat' dir='ltr'>nullo</span> <span class='ocrx_word' id='word_1_91' title='bbox 1338 2020 1744 2094; x_wconf 87' lang='lat' dir='ltr'>argumento</span> <span class='ocrx_word' id='word_1_92' title='bbox 1813 2033 1956 2080; x_wconf 90' lang='lat' dir='ltr'>rem</span> <span class='ocrx_word' id='word_1_93' title='bbox 2027 2033 2222 2081; x_wconf 87' lang='lat' dir='ltr'>suam</span> <span class='ocrx_word' id='word_1_94' title='bbox 2289 2016 2601 2095; x_wconf 82' lang='lat' dir='ltr'>probans,</span> <span class='ocrx_word' id='word_1_95' title='bbox 2665 2013 3020 2078; x_wconf 87' lang='lat' dir='ltr'>contendit</span> 
     </span>
     <span class='ocr_line' id='line_1_13' title="bbox 680 2137 3022 2219; baseline -0.002 -15"><span class='ocrx_word' id='word_1_96' title='bbox 680 2140 913 2205; x_wconf 88' lang='lat' dir='ltr'>Nubes</span> <span class='ocrx_word' id='word_1_97' title='bbox 978 2139 1248 2203; x_wconf 87' lang='lat' dir='ltr'>divinas</span> <span class='ocrx_word' id='word_1_98' title='bbox 1316 2158 1361 2203; x_wconf 86' lang='lat' dir='ltr'>a</span> <span class='ocrx_word' id='word_1_99' title='bbox 1420 2137 1701 2219; x_wconf 79' lang='lat' dir='ltr'>Socrate,</span> <span class='ocrx_word' id='word_1_100' title='bbox 1768 2157 1970 2219; x_wconf 89' lang='lat' dir='ltr'>quem</span> <span class='ocrx_word' id='word_1_101' title='bbox 2033 2140 2388 2219; x_wconf 89' lang='lat' dir='ltr'>hucusque</span> <span class='ocrx_word' id='word_1_102' title='bbox 2453 2138 2779 2203; x_wconf 91' lang='lat' dir='ltr'>benevole</span> <span class='ocrx_word' id='word_1_103' title='bbox 2841 2138 3022 2201; x_wconf 87' lang='lat' dir='ltr'>adiu·</span> 
     </span>
     <span class='ocr_line' id='line_1_14' title="bbox 680 2252 3022 2343; baseline -0.001 -17"><span class='ocrx_word' id='word_1_104' title='bbox 680 2263 931 2343; x_wconf 87' lang='lat' dir='ltr'>verint,</span> <span class='ocrx_word' id='word_1_105' title='bbox 1023 2265 1279 2343; x_wconf 76' lang='lat' dir='ltr'>repente</span> <span class='ocrx_word' id='word_1_106' title='bbox 1360 2261 1736 2327; x_wconf 86' lang='lat' dir='ltr'>abalienari</span> <span class='ocrx_word' id='word_1_107' title='bbox 1806 2266 2382 2342; x_wconf 83' lang='lat' dir='ltr'>contemptaeque</span> <span class='ocrx_word' id='word_1_108' title='bbox 2451 2252 2548 2337; x_wconf 76' lang='lat' dir='ltr'>(a&#39;</span> <span class='ocrx_word' id='word_1_109' title='bbox 2585 2260 3022 2337; x_wconf 64' lang='lat' dir='ltr'>Socraticis‘a)</span> 
     </span>
     <span class='ocr_line' id='line_1_15' title="bbox 678 2386 3024 2471; baseline -0.001 -20"><span class='ocrx_word' id='word_1_110' title='bbox 678 2387 1027 2467; x_wconf 86' lang='lat' dir='ltr'>religionis</span> <span class='ocrx_word' id='word_1_111' title='bbox 1101 2386 1388 2451; x_wconf 86' lang='lat' dir='ltr'>evadere</span> <span class='ocrx_word' id='word_1_112' title='bbox 1472 2387 1835 2451; x_wconf 81' lang='lat' dir='ltr'>fautrices:</span> <span class='ocrx_word' id='word_1_113' title='bbox 1913 2388 2140 2471; x_wconf 85' lang='lat' dir='ltr'>„Aber</span> <span class='ocrx_word' id='word_1_114' title='bbox 2207 2387 2338 2451; x_wconf 84' lang='lat' dir='ltr'>wie</span> <span class='ocrx_word' id='word_1_115' title='bbox 2406 2387 2582 2452; x_wconf 87' lang='lat' dir='ltr'>auch</span> <span class='ocrx_word' id='word_1_116' title='bbox 2651 2388 2848 2451; x_wconf 88' lang='lat' dir='ltr'>sonst</span> <span class='ocrx_word' id='word_1_117' title='bbox 2915 2386 3024 2449; x_wconf 91' lang='lat' dir='ltr'>bei</span> 
     </span>
     <span class='ocr_line' id='line_1_16' title="bbox 681 2510 3024 2592; baseline -0.001 -17"><span class='ocrx_word' id='word_1_118' title='bbox 681 2511 1181 2592; x_wconf 86' lang='lat' dir='ltr'>Aristophanes</span> <span class='ocrx_word' id='word_1_119' title='bbox 1241 2510 1357 2574; x_wconf 87' lang='lat' dir='ltr'>der</span> <span class='ocrx_word' id='word_1_120' title='bbox 1420 2510 1597 2575; x_wconf 87' lang='lat' dir='ltr'>Chor</span> <span class='ocrx_word' id='word_1_121' title='bbox 1656 2512 1760 2575; x_wconf 87' lang='lat' dir='ltr'>oft</span> <span class='ocrx_word' id='word_1_122' title='bbox 1821 2529 1956 2576; x_wconf 85' lang='lat' dir='ltr'>von</span> <span class='ocrx_word' id='word_1_123' title='bbox 2019 2512 2137 2575; x_wconf 89' lang='lat' dir='ltr'>der</span> <span class='ocrx_word' id='word_1_124' title='bbox 2197 2512 2482 2591; x_wconf 89' lang='lat' dir='ltr'>eifrigen</span> <span class='ocrx_word' id='word_1_125' title='bbox 2538 2510 3024 2590; x_wconf 85' lang='lat' dir='ltr'>Betheiligung</span> 
     </span>
     <span class='ocr_line' id='line_1_17' title="bbox 677 2634 3017 2715; baseline -0 -16"><span class='ocrx_word' id='word_1_126' title='bbox 677 2653 769 2699; x_wconf 89' lang='lat' dir='ltr'>an</span> <span class='ocrx_word' id='word_1_127' title='bbox 830 2636 957 2699; x_wconf 90' lang='lat' dir='ltr'>den</span> <span class='ocrx_word' id='word_1_128' title='bbox 1022 2635 1434 2699; x_wconf 84' lang='lat' dir='ltr'>Thorheiten</span> <span class='ocrx_word' id='word_1_129' title='bbox 1496 2635 1613 2699; x_wconf 90' lang='lat' dir='ltr'>der</span> <span class='ocrx_word' id='word_1_130' title='bbox 1675 2635 2101 2700; x_wconf 87' lang='lat' dir='ltr'>handelnden</span> <span class='ocrx_word' id='word_1_131' title='bbox 2170 2636 2512 2700; x_wconf 88' lang='lat' dir='ltr'>Personen</span> <span class='ocrx_word' id='word_1_132' title='bbox 2563 2634 2884 2715; x_wconf 78' lang='lat' dir='ltr'>plotzlich</span> <span class='ocrx_word' id='word_1_133' title='bbox 2935 2651 3017 2698; x_wconf 90' lang='lat' dir='ltr'>zu</span> 
     </span>
     <span class='ocr_line' id='line_1_18' title="bbox 678 2758 3018 2825; baseline -0.001 -2"><span class='ocrx_word' id='word_1_134' title='bbox 678 2759 833 2823; x_wconf 91' lang='lat' dir='ltr'>dem</span> <span class='ocrx_word' id='word_1_135' title='bbox 920 2758 1127 2822; x_wconf 90' lang='lat' dir='ltr'>Ernst</span> <span class='ocrx_word' id='word_1_136' title='bbox 1196 2758 1313 2823; x_wconf 82' lang='lat' dir='ltr'>cler</span> <span class='ocrx_word' id='word_1_137' title='bbox 1384 2775 1513 2822; x_wconf 88' lang='lat' dir='ltr'>von</span> <span class='ocrx_word' id='word_1_138' title='bbox 1584 2758 1738 2822; x_wconf 90' lang='lat' dir='ltr'>dem</span> <span class='ocrx_word' id='word_1_139' title='bbox 1809 2758 2088 2825; x_wconf 89' lang='lat' dir='ltr'>Dichter</span> <span class='ocrx_word' id='word_1_140' title='bbox 2157 2762 2596 2823; x_wconf 73' lang='lat' dir='ltr'>verti-stenen</span> <span class='ocrx_word' id='word_1_141' title='bbox 2667 2758 3018 2823; x_wconf 84' lang='lat' dir='ltr'>sittlichen</span> 
     </span>
     <span class='ocr_line' id='line_1_19' title="bbox 678 2882 3017 2966; baseline -0.001 -18"><span class='ocrx_word' id='word_1_142' title='bbox 678 2883 1079 2962; x_wconf 83' lang='lat' dir='ltr'>Gesinnung</span> <span class='ocrx_word' id='word_1_143' title='bbox 1122 2883 1269 2948; x_wconf 88' lang='lat' dir='ltr'>sich</span> <span class='ocrx_word' id='word_1_144' title='bbox 1314 2884 1555 2948; x_wconf 86' lang='lat' dir='ltr'>erhebt</span> <span class='ocrx_word' id='word_1_145' title='bbox 1600 2884 1739 2947; x_wconf 89' lang='lat' dir='ltr'>und</span> <span class='ocrx_word' id='word_1_146' title='bbox 1790 2883 2010 2948; x_wconf 88' lang='lat' dir='ltr'>denen</span> <span class='ocrx_word' id='word_1_147' title='bbox 2057 2889 2391 2964; x_wconf 86' lang='lat' dir='ltr'>entgegen</span> <span class='ocrx_word' id='word_1_148' title='bbox 2439 2885 2620 2966; x_wconf 86' lang='lat' dir='ltr'>tritt,</span> <span class='ocrx_word' id='word_1_149' title='bbox 2661 2884 2768 2948; x_wconf 88' lang='lat' dir='ltr'>die</span> <span class='ocrx_word' id='word_1_150' title='bbox 2805 2900 2879 2948; x_wconf 89' lang='lat' dir='ltr'>er</span> <span class='ocrx_word' id='word_1_151' title='bbox 2913 2882 3017 2946; x_wconf 89' lang='lat' dir='ltr'>bis</span> 
     </span>
     <span class='ocr_line' id='line_1_20' title="bbox 675 3005 3016 3089; baseline -0.001 -18"><span class='ocrx_word' id='word_1_152' title='bbox 675 3007 883 3071; x_wconf 88' lang='lat' dir='ltr'>dahin</span> <span class='ocrx_word' id='word_1_153' title='bbox 948 3008 1450 3071; x_wconf 80' lang='lat' dir='ltr'>unterstntzte:</span> <span class='ocrx_word' id='word_1_154' title='bbox 1510 3024 1581 3070; x_wconf 83' lang='lat' dir='ltr'>so</span> <span class='ocrx_word' id='word_1_155' title='bbox 1638 3025 1841 3087; x_wconf 69' lang='lat' dir='ltr'>sayen</span> <span class='ocrx_word' id='word_1_156' title='bbox 1897 3007 2038 3072; x_wconf 81' lang='lat' dir='ltr'>sich</span> <span class='ocrx_word' id='word_1_157' title='bbox 2099 3007 2200 3072; x_wconf 82' lang='lat' dir='ltr'>dic</span> <span class='ocrx_word' id='word_1_158' title='bbox 2274 3005 2564 3089; x_wconf 81' lang='lat' dir='ltr'>Wolken,</span> <span class='ocrx_word' id='word_1_159' title='bbox 2628 3007 2870 3087; x_wconf 72' lang='lat' dir='ltr'>frizhcr</span> <span class='ocrx_word' id='word_1_160' title='bbox 2915 3005 3016 3070; x_wconf 80' lang='lat' dir='ltr'>die</span> 
     </span>
     <span class='ocr_line' id='line_1_21' title="bbox 675 3129 3017 3213; baseline -0 -19"><span class='ocrx_word' id='word_1_161' title='bbox 675 3131 1153 3211; x_wconf 71' lang='lat' dir='ltr'>bereitwilliyen</span> <span class='ocrx_word' id='word_1_162' title='bbox 1217 3129 1646 3210; x_wconf 80' lang='lat' dir='ltr'>Helferinnen</span> <span class='ocrx_word' id='word_1_163' title='bbox 1706 3131 1818 3195; x_wconf 82' lang='lat' dir='ltr'>des</span> <span class='ocrx_word' id='word_1_164' title='bbox 1879 3131 2207 3213; x_wconf 45' lang='lat' dir='ltr'>Solet-ates,</span> <span class='ocrx_word' id='word_1_165' title='bbox 2263 3134 2665 3196; x_wconf 79' lang='lat' dir='ltr'>unerzoartet</span> <span class='ocrx_word' id='word_1_166' title='bbox 2711 3149 2834 3196; x_wconf 82' lang='lat' dir='ltr'>von</span> <span class='ocrx_word' id='word_1_167' title='bbox 2877 3131 3017 3194; x_wconf 81' lang='lat' dir='ltr'>ihm</span> 
     </span>
     <span class='ocr_line' id='line_1_22' title="bbox 681 3252 3020 3320; baseline -0 -2"><span class='ocrx_word' id='word_1_168' title='bbox 681 3256 774 3318; x_wconf 78' lang='lat' dir='ltr'>los</span> <span class='ocrx_word' id='word_1_169' title='bbox 826 3255 968 3318; x_wconf 80' lang='lat' dir='ltr'>und</span> <span class='ocrx_word' id='word_1_170' title='bbox 1010 3255 1375 3318; x_wconf 76' lang='lat' dir='ltr'>erschcinen</span> <span class='ocrx_word' id='word_1_171' title='bbox 1421 3255 1526 3318; x_wconf 82' lang='lat' dir='ltr'>als</span> <span class='ocrx_word' id='word_1_172' title='bbox 1588 3252 2106 3319; x_wconf 63' lang='lat' dir='ltr'>Vertreter‘innen</span> <span class='ocrx_word' id='word_1_173' title='bbox 2151 3255 2266 3320; x_wconf 78' lang='lat' dir='ltr'>cler</span> <span class='ocrx_word' id='word_1_174' title='bbox 2313 3255 2718 3319; x_wconf 65' lang='grc' dir='ltr'>ττεναοήτείεπ</span> <span class='ocrx_word' id='word_1_175' title='bbox 2769 3254 3020 3318; x_wconf 78' lang='lat' dir='ltr'>Gottes-</span> 
     </span>
     <span class='ocr_line' id='line_1_23' title="bbox 679 3376 3020 3460; baseline 0.001 -20"><span class='ocrx_word' id='word_1_176' title='bbox 679 3378 915 3458; x_wconf 68' lang='lat' dir='ltr'>farcht</span> <span class='ocrx_word' id='word_1_177' title='bbox 936 3376 1007 3454; x_wconf 79' lang='grc'>2).</span> <span class='ocrx_word' id='word_1_178' title='bbox 1100 3377 1247 3441; x_wconf 90' lang='lat' dir='ltr'>Hoc</span> <span class='ocrx_word' id='word_1_179' title='bbox 1318 3393 1594 3441; x_wconf 86' lang='lat' dir='ltr'>verum:</span> <span class='ocrx_word' id='word_1_180' title='bbox 1666 3378 1733 3441; x_wconf 92' lang='lat' dir='ltr'>in</span> <span class='ocrx_word' id='word_1_181' title='bbox 1809 3379 2334 3458; x_wconf 81' lang='lat' dir='ltr'>Aristophaneis</span> <span class='ocrx_word' id='word_1_182' title='bbox 2401 3379 2767 3444; x_wconf 87' lang='lat' dir='ltr'>comoediis</span> <span class='ocrx_word' id='word_1_183' title='bbox 2820 3396 3020 3460; x_wconf 84' lang='lat' dir='ltr'>saepe</span> 
     </span>
     <span class='ocr_line' id='line_1_24' title="bbox 681 3501 3018 3584; baseline 0 -19"><span class='ocrx_word' id='word_1_184' title='bbox 681 3501 965 3581; x_wconf 76' lang='lat' dir='ltr'>ChoruS,</span> <span class='ocrx_word' id='word_1_185' title='bbox 1026 3501 1367 3566; x_wconf 83' lang='lat' dir='ltr'>stultitiae</span> <span class='ocrx_word' id='word_1_186' title='bbox 1430 3517 1876 3582; x_wconf 86' lang='lat' dir='ltr'>personarum</span> <span class='ocrx_word' id='word_1_187' title='bbox 1939 3503 2138 3567; x_wconf 86' lang='lat' dir='ltr'>initio</span> <span class='ocrx_word' id='word_1_188' title='bbox 2200 3502 2469 3567; x_wconf 84' lang='lat' dir='ltr'>fabulae</span> <span class='ocrx_word' id='word_1_189' title='bbox 2528 3504 2721 3582; x_wconf 87' lang='lat' dir='ltr'>quasi</span> <span class='ocrx_word' id='word_1_190' title='bbox 2771 3504 3018 3584; x_wconf 86' lang='lat' dir='ltr'>socius,</span> 
     </span>
     <span class='ocr_line' id='line_1_25' title="bbox 679 3625 3016 3708; baseline 0.001 -21"><span class='ocrx_word' id='word_1_191' title='bbox 679 3625 909 3688; x_wconf 88' lang='lat' dir='ltr'>subito</span> <span class='ocrx_word' id='word_1_192' title='bbox 998 3629 1223 3690; x_wconf 88' lang='lat' dir='ltr'>mutat</span> <span class='ocrx_word' id='word_1_193' title='bbox 1305 3625 1725 3688; x_wconf 87' lang='lat' dir='ltr'>sententiam</span> <span class='ocrx_word' id='word_1_194' title='bbox 1810 3626 2204 3706; x_wconf 86' lang='lat' dir='ltr'>seriumque</span> <span class='ocrx_word' id='word_1_195' title='bbox 2289 3626 2516 3691; x_wconf 90' lang='lat' dir='ltr'>induit</span> <span class='ocrx_word' id='word_1_196' title='bbox 2600 3629 2840 3708; x_wconf 87' lang='lat' dir='ltr'>poetae</span> <span class='ocrx_word' id='word_1_197' title='bbox 2911 3626 3016 3690; x_wconf 89' lang='lat' dir='ltr'>vel</span> 
     </span>
     <span class='ocr_line' id='line_1_26' title="bbox 677 3748 3018 3832; baseline 0.001 -21"><span class='ocrx_word' id='word_1_198' title='bbox 677 3749 1087 3830; x_wconf 88' lang='lat' dir='ltr'>spectatoris</span> <span class='ocrx_word' id='word_1_199' title='bbox 1166 3748 1501 3830; x_wconf 87' lang='lat' dir='ltr'>sapientis</span> <span class='ocrx_word' id='word_1_200' title='bbox 1585 3749 1936 3829; x_wconf 89' lang='lat' dir='ltr'>ingenium</span> <span class='ocrx_word' id='word_1_201' title='bbox 2008 3751 2567 3831; x_wconf 84' lang='lat' dir='ltr'>sententiamque</span> <span class='ocrx_word' id='word_1_202' title='bbox 2633 3756 2843 3831; x_wconf 84' lang='lat' dir='ltr'>atque</span> <span class='ocrx_word' id='word_1_203' title='bbox 2912 3751 3018 3832; x_wconf 88' lang='lat' dir='ltr'>iis,</span> 
     </span>
     <span class='ocr_line' id='line_1_27' title="bbox 678 3872 3020 3962; baseline 0.002 -26"><span class='ocrx_word' id='word_1_204' title='bbox 678 3872 929 3951; x_wconf 87' lang='lat' dir='ltr'>quibus</span> <span class='ocrx_word' id='word_1_205' title='bbox 974 3873 1170 3937; x_wconf 91' lang='lat' dir='ltr'>modo</span> <span class='ocrx_word' id='word_1_206' title='bbox 1218 3873 1504 3962; x_wconf 69' lang='lat' dir='ltr'>faverat,</span> <span class='ocrx_word' id='word_1_207' title='bbox 1552 3889 1701 3938; x_wconf 91' lang='lat' dir='ltr'>sese</span> <span class='ocrx_word' id='word_1_208' title='bbox 1748 3875 2051 3955; x_wconf 88' lang='lat' dir='ltr'>opponit.</span> <span class='ocrx_word' id='word_1_209' title='bbox 2123 3875 2356 3940; x_wconf 87' lang='lat' dir='ltr'>Talem</span> <span class='ocrx_word' id='word_1_210' title='bbox 2405 3876 2478 3940; x_wconf 91' lang='lat' dir='ltr'>in</span> <span class='ocrx_word' id='word_1_211' title='bbox 2512 3879 2752 3940; x_wconf 85' lang='lat' dir='ltr'>nostra</span> <span class='ocrx_word' id='word_1_212' title='bbox 2787 3877 3020 3941; x_wconf 86' lang='lat' dir='ltr'>fabula</span> 
     </span>
     <span class='ocr_line' id='line_1_28' title="bbox 676 3994 3016 4076; baseline 0.002 -18"><span class='ocrx_word' id='word_1_213' title='bbox 676 4012 839 4075; x_wconf 88' lang='lat' dir='ltr'>erga</span> <span class='ocrx_word' id='word_1_214' title='bbox 908 3994 1369 4076; x_wconf 87' lang='lat' dir='ltr'>Strepsiadem</span> <span class='ocrx_word' id='word_1_215' title='bbox 1432 4012 1504 4060; x_wconf 84' lang='lat' dir='ltr'>se</span> <span class='ocrx_word' id='word_1_216' title='bbox 1568 3998 1865 4074; x_wconf 82' lang='lat' dir='ltr'>praebet.</span> <span class='ocrx_word' id='word_1_217' title='bbox 1953 3997 2214 4062; x_wconf 83' lang='lat' dir='ltr'>Verum</span> <span class='ocrx_word' id='word_1_218' title='bbox 2276 3999 2458 4062; x_wconf 88' lang='lat' dir='ltr'>enim</span> <span class='ocrx_word' id='word_1_219' title='bbox 2523 4016 2686 4064; x_wconf 85' lang='lat' dir='ltr'>vero</span> <span class='ocrx_word' id='word_1_220' title='bbox 2749 3999 3016 4064; x_wconf 81' lang='lat' dir='ltr'>nullum</span> 
     </span>
     <span class='ocr_line' id='line_1_29' title="bbox 679 4119 3017 4199; baseline 0.002 -17"><span class='ocrx_word' id='word_1_221' title='bbox 679 4119 1010 4183; x_wconf 88' lang='lat' dir='ltr'>habemus</span> <span class='ocrx_word' id='word_1_222' title='bbox 1055 4119 1405 4198; x_wconf 87' lang='lat' dir='ltr'>indicium,</span> <span class='ocrx_word' id='word_1_223' title='bbox 1453 4135 1539 4182; x_wconf 85' lang='lat' dir='ltr'>ex</span> <span class='ocrx_word' id='word_1_224' title='bbox 1587 4137 1719 4198; x_wconf 92' lang='lat' dir='ltr'>quo</span> <span class='ocrx_word' id='word_1_225' title='bbox 1767 4121 2146 4187; x_wconf 86' lang='lat' dir='ltr'>efficiamus</span> <span class='ocrx_word' id='word_1_226' title='bbox 2195 4122 2512 4199; x_wconf 88' lang='lat' dir='ltr'>Chorum,</span> <span class='ocrx_word' id='word_1_227' title='bbox 2557 4141 2712 4188; x_wconf 91' lang='lat' dir='ltr'>cum</span> <span class='ocrx_word' id='word_1_228' title='bbox 2763 4125 2834 4187; x_wconf 90' lang='lat' dir='ltr'>in</span> <span class='ocrx_word' id='word_1_229' title='bbox 2885 4123 3017 4186; x_wconf 91' lang='lat' dir='ltr'>fine</span> 
     </span>
     <span class='ocr_line' id='line_1_30' title="bbox 680 4241 3018 4327; baseline 0.003 -23"><span class='ocrx_word' id='word_1_230' title='bbox 680 4241 949 4306; x_wconf 81' lang='lat' dir='ltr'>fabulae</span> <span class='ocrx_word' id='word_1_231' title='bbox 1034 4244 1279 4307; x_wconf 90' lang='lat' dir='ltr'>bonam</span> <span class='ocrx_word' id='word_1_232' title='bbox 1362 4259 1561 4306; x_wconf 88' lang='lat' dir='ltr'>suam</span> <span class='ocrx_word' id='word_1_233' title='bbox 1629 4243 1932 4309; x_wconf 80' lang='lat' dir='ltr'>ostendit</span> <span class='ocrx_word' id='word_1_234' title='bbox 1999 4246 2318 4327; x_wconf 86' lang='lat' dir='ltr'>indolem,</span> <span class='ocrx_word' id='word_1_235' title='bbox 2389 4247 2774 4326; x_wconf 87' lang='lat' dir='ltr'>significare</span> <span class='ocrx_word' id='word_1_236' title='bbox 2842 4247 3018 4312; x_wconf 89' lang='lat' dir='ltr'>velle</span> 
     </span>
    </p>
   </div>
   <div class='ocr_carea' id='block_1_3' title="bbox 715 4383 1105 4392">
    <p class='ocr_par' dir='ltr' id='par_1_3' title="bbox 715 4383 1105 4392">
     <span class='ocr_line' id='line_1_31' title="bbox 715 4383 1105 4392; baseline 0 1345"><span class='ocrx_word' id='word_1_237' title='bbox 715 4383 1105 4392; x_wconf 95' lang='lat' dir='ltr'> </span> 
     </span>
    </p>
   </div>
   <div class='ocr_carea' id='block_1_4' title="bbox 678 4450 3019 4818">
    <p class='ocr_par' dir='ltr' id='par_1_4' title="bbox 756 4450 1924 4529">
     <span class='ocr_line' id='line_1_32' title="bbox 756 4450 1924 4529; baseline 0.004 -21"><span class='ocrx_word' id='word_1_238' title='bbox 756 4452 806 4524; x_wconf 91' lang='grc'>1)</span> <span class='ocrx_word' id='word_1_239' title='bbox 846 4450 1003 4510; x_wconf 87' lang='lat' dir='ltr'>Nub.</span> <span class='ocrx_word' id='word_1_240' title='bbox 1050 4453 1332 4510; x_wconf 88' lang='lat' dir='ltr'>editionis</span> <span class='ocrx_word' id='word_1_241' title='bbox 1373 4452 1458 4526; x_wconf 88' lang='lat'>(4)</span> <span class='ocrx_word' id='word_1_242' title='bbox 1498 4451 1685 4527; x_wconf 85' lang='lat' dir='ltr'>praef.</span> <span class='ocrx_word' id='word_1_243' title='bbox 1730 4473 1786 4529; x_wconf 91' lang='lat' dir='ltr'>p.</span> <span class='ocrx_word' id='word_1_244' title='bbox 1831 4455 1924 4514; x_wconf 88' lang='lat'>24.</span> 
     </span>
    </p>

    <p class='ocr_par' dir='ltr' id='par_1_5' title="bbox 678 4547 3019 4818">
     <span class='ocr_line' id='line_1_33' title="bbox 754 4547 3016 4633; baseline 0.003 -27"><span class='ocrx_word' id='word_1_245' title='bbox 754 4547 803 4626; x_wconf 85' lang='lat'>2)</span> <span class='ocrx_word' id='word_1_246' title='bbox 848 4547 1189 4607; x_wconf 87' lang='lat' dir='ltr'>Secundum</span> <span class='ocrx_word' id='word_1_247' title='bbox 1230 4547 1537 4607; x_wconf 86' lang='lat' dir='ltr'>Naberum</span> <span class='ocrx_word' id='word_1_248' title='bbox 1580 4548 1826 4621; x_wconf 71' lang='lat' dir='ltr'>(Mnem.</span> <span class='ocrx_word' id='word_1_249' title='bbox 1877 4553 2028 4610; x_wconf 85' lang='lat'>1883</span> <span class='ocrx_word' id='word_1_250' title='bbox 2070 4574 2126 4630; x_wconf 91' lang='lat' dir='ltr'>p.</span> <span class='ocrx_word' id='word_1_251' title='bbox 2172 4553 2312 4633; x_wconf 90' lang='lat'><strong>313)</strong></span> <span class='ocrx_word' id='word_1_252' title='bbox 2358 4554 2554 4612; x_wconf 76' lang='lat' dir='ltr'>Nube-s·</span> <span class='ocrx_word' id='word_1_253' title='bbox 2596 4554 2820 4613; x_wconf 70' lang='lat' dir='ltr'>Socrate·</span> <span class='ocrx_word' id='word_1_254' title='bbox 2845 4574 3016 4630; x_wconf 76' lang='lat' dir='ltr'>prop—</span> 
     </span>
     <span class='ocr_line' id='line_1_34' title="bbox 678 4645 3019 4726; baseline 0.004 -25"><span class='ocrx_word' id='word_1_255' title='bbox 678 4649 765 4701; x_wconf 76' lang='lat' dir='ltr'>!er</span> <span class='ocrx_word' id='word_1_256' title='bbox 809 4645 1057 4719; x_wconf 74' lang='lat' dir='ltr'>ineptum</span> <span class='ocrx_word' id='word_1_257' title='bbox 1098 4646 1353 4704; x_wconf 75' lang='lat' dir='ltr'>studium</span> <span class='ocrx_word' id='word_1_258' title='bbox 1396 4645 1580 4702; x_wconf 77' lang='lat' dir='ltr'>iratae</span> <span class='ocrx_word' id='word_1_259' title='bbox 1621 4647 1987 4708; x_wconf 82' lang='lat' dir='ltr'>orchestram</span> <span class='ocrx_word' id='word_1_260' title='bbox 2029 4650 2451 4726; x_wconf 82' lang='lat' dir='ltr'>relinquebant</span> <span class='ocrx_word' id='word_1_261' title='bbox 2489 4655 2594 4715; x_wconf 89' lang='lat' dir='ltr'>(sc.</span> <span class='ocrx_word' id='word_1_262' title='bbox 2641 4651 2695 4710; x_wconf 78' lang='lat' dir='ltr'>in</span> <span class='ocrx_word' id='word_1_263' title='bbox 2719 4653 3019 4726; x_wconf 68' lang='lat' dir='ltr'>Jn²ioribns</span> 
     </span>
     <span class='ocr_line' id='line_1_35' title="bbox 682 4741 1517 4818; baseline 0.005 -20"><span class='ocrx_word' id='word_1_264' title='bbox 682 4760 833 4816; x_wconf 84' lang='lat' dir='ltr'>quac</span> <span class='ocrx_word' id='word_1_265' title='bbox 875 4742 1159 4802; x_wconf 81' lang='lat' dir='ltr'>dicuntur</span> <span class='ocrx_word' id='word_1_266' title='bbox 1198 4741 1517 4818; x_wconf 89' lang='lat' dir='ltr'>Nubibus).</span> 
     </span>
    </p>
   </div>
   <div class='ocr_carea' id='block_1_5' title="bbox 3433 4767 3441 5346">
    <p class='ocr_par' dir='ltr' id='par_1_6' title="bbox 3433 4767 3441 5346">
     <span class='ocr_line' id='line_1_36' title="bbox 3433 4767 3441 5346; baseline 0 0"><span class='ocrx_word' id='word_1_267' title='bbox 3433 4767 3441 5346; x_wconf 95' lang='lat' dir='ltr'> </span> 
     </span>
    </p>
   </div>
  </div>
 </body>
</html>
