3478 5737
1553 574 1677 638 185

438 771 627 837 illius
686 785 797 837 τοῦ
859 770 1116 855 ἥττονος
1177 770 1369 849 λόγου
1430 769 1938 835 absurditatem
1998 787 2135 835 non
2185 769 2788 851 animadvertisse,

440 896 539 960 sic
628 899 708 961 ut
796 895 1218 961 cavillatoris
1306 896 1493 960 esset
1585 893 2056 976 philosophiae
2149 894 2480 959 studiosis
2555 893 2788 958 oculos

440 1022 719 1103 aperire,
818 1036 1069 1101 eosque
1164 1020 1403 1085 docere
1504 1018 1782 1084 meliora
1873 1056 1934 1064 -
2022 1018 2088 1083 id
2186 1022 2372 1083 corte
2470 1017 2788 1083 excusari

444 1144 631 1209 nullo
703 1145 904 1210 modo
972 1146 1235 1225 potest!
1326 1144 1435 1209 An
1506 1161 1643 1208 non
1714 1143 2072 1225 paululum
2144 1142 2592 1208 verisimilius
2660 1143 2786 1207 tibi

445 1269 720 1333 videtur
780 1272 1051 1351 poetam
1116 1268 1596 1334 tantummodo
1658 1268 2185 1348 spectatoribus,
2234 1266 2292 1332 si
2341 1267 2517 1331 forte
2566 1265 2792 1347 Strep-

445 1392 655 1458 siadis
727 1392 1063 1459 simillimi
1138 1396 1391 1474 essent,
1468 1393 1541 1457 in
1620 1392 2021 1457 memoriam
2101 1407 2422 1456 revocare
2491 1390 2792 1455 voluisse

446 1516 785 1598 proverbii
890 1516 1295 1581 veritatem:
1394 1518 1520 1600 „ab
1609 1516 1747 1580 alio
1841 1518 2224 1597 exspectes,
2319 1514 2523 1579 alteri
2615 1514 2790 1593 quod

446 1641 753 1723 feceriS,”
840 1640 1061 1721 iisque
1152 1640 1513 1705 ostendere
1602 1640 2056 1705 absurdarum
2142 1640 2225 1703 de
2307 1638 2796 1720 philosophicis

447 1765 695 1829 studiis
738 1764 1338 1847 exspectationum
1386 1764 2002 1843 consequentiam?

540 2011 811 2093 Optime
880 2010 1043 2075 fecit
1110 2012 1313 2092 poeta
1383 2010 1560 2092 quod
1631 2010 1832 2075 initio
1897 2026 2117 2074 novae
2181 2026 2466 2075 scaenae
2528 2011 2791 2089 patrem

450 2150 697 2198 caveae
728 2133 1032 2197 ostendit
1066 2137 1164 2197 ἰοὺ
1198 2137 1297 2197 ἰοὺ
1329 2132 1742 2197 clamantem
1777 2132 2437 2212 lamentantemque.
2475 2130 2588 2195 Sic
2611 2131 2796 2195 enim

451 2259 691 2323 statim
738 2261 1201 2341 spectatorum
1254 2275 1461 2338 quam
1508 2258 1812 2322 maxime
1853 2260 2169 2321 movetur
2209 2257 2530 2337 attentio,
2569 2273 2794 2321 rerum

452 2384 936 2463 rationumque
1015 2387 1451 2466 καταστροφήν
1532 2400 1680 2447 esse
1751 2386 2064 2447 exortam
2138 2398 2292 2445 cum
2366 2380 2800 2461 intellegunt.

458 2508 827 2588 Postquam
900 2512 1097 2590 palluel·
1168 2509 1468 2590 rogavit:
1555 2504 1643 2593 „ui
1719 2507 1921 2589 μιαρέ,
1999 2511 2245 2579 τύπτεις
2309 2511 2417 2571 τὸν
2483 2506 2720 2589 πατέρα
2743 2502 2800 2581 ‚·’'

456 2633 574 2697 filii
643 2636 951 2715 apertam
1023 2634 1527 2715 ingenuamque
1594 2634 2125 2715 professionem:
2203 2634 2417 2717 ,,φήμ’,
2466 2629 2516 2695 ὦ
2565 2630 2798 2715 πάτερ”

454 2774 700 2823 caveae
745 2759 1113 2824 admodum
1160 2759 1445 2840 placere,
1493 2758 1693 2823 facile
1741 2762 1850 2823 est
1896 2757 2272 2822 intellectu.
2335 2758 2604 2822 Etenim
2642 2757 2804 2822 licet

456 2883 711 2948 ordinis
767 2900 999 2948 rerum
1048 2884 1361 2948 funditus
1406 2884 1627 2948 eversi
1676 2883 2014 2962 imagines
2060 2883 2131 2946 in
2178 2883 2590 2963 cogitat-ione
2639 2882 2802 2946 dum

456 3007 764 3072 existant
859 3007 1053 3072 valde
1143 3009 1565 3088 permulcere
1649 3008 1918 3087 possint
2003 3007 2394 3072 mortalium
2477 3008 2801 3071 innatum

456 3130 799 3196 libertatis
863 3132 1192 3213 studium,
1240 3132 1691 3197 nihilominus
1737 3132 2050 3197 iustitiae
2097 3149 2343 3196 sensus
2391 3132 2674 3213 flagitat,
2725 3134 2804 3194 ut

457 3254 649 3320 illum
712 3256 1019 3320 ordinem
1067 3273 1383 3321 eversum
1436 3257 1713 3320 tandem
1765 3257 1988 3320 denuo
2035 3257 2105 3319 in
2156 3255 2502 3336 integrum
2555 3256 2802 3337 perspi-

457 3379 645 3444 ciant
690 3380 1115 3444 restitutum.
1180 3380 1369 3446 Obici
1417 3383 1646 3460 potest
1692 3379 2005 3444 iustitiae
2053 3380 2287 3444 sensui
2334 3379 2620 3444 minime
2659 3396 2805 3443 con·

456 3518 713 3582 gruere,
778 3502 951 3580 quod
1014 3519 1057 3566 a
1117 3503 1257 3580 filio
1325 3505 1521 3583 pater
1585 3501 1948 3566 mulcetur.
2025 3503 2359 3565 Attamen
2421 3504 2616 3582 pater
2662 3501 2808 3582 ipse

456 3626 695 3689 auctor
733 3625 868 3690 fuit
908 3627 986 3689 ut
1024 3624 1208 3690 filius
1246 3625 1543 3690 disceret
1578 3628 1826 3706 artem,
1869 3641 2004 3704 qua
2043 3641 2266 3688 rerum
2305 3625 2466 3688 ordo
2497 3625 2810 3706 funditus

457 3751 905 3813 everteretur.
990 3748 1327 3814 Pietatem
1393 3749 1559 3814 adeo
1621 3765 1784 3829 erga
1845 3752 2110 3830 patrem
2162 3748 2445 3829 neglegi,
2493 3766 2578 3812 en
2627 3749 2804 3827 quod

458 3879 569 3954 τὴν
662 3879 1097 3956 καταστροφὴν
1191 3874 1408 3953 magis
1499 3873 1707 3937 etiam
1804 3873 1981 3955 patri
2077 3873 2300 3937 reddit
2377 3873 2805 3936 horrendam.

460 3998 738 4063 Minime
799 3999 1012 4078 igitur
1072 3999 1343 4078 ingrata
1404 3998 1906 4077 spectatoribus
1967 4001 2076 4061 est
2122 3995 2548 4077 Phidippidis
2591 3996 2806 4060 animi

458 4121 827 4202 firmitudO,
878 4140 1033 4186 cum
1080 4121 1570 4186 asseverationi
1625 4138 1791 4186 suae
1838 4121 2026 4185 addit
2075 4125 2200 4196 (vs.
2255 4121 2479 4194 1331):

1470 4249 1606 4307 καὶ
1670 4249 2075 4326 ἀποφανῶ
2137 4270 2224 4323 γε,
2271 4249 2347 4326 νὴ
2397 4245 2540 4322 Δία,

726 4375 809 4443 ὡς
870 4373 950 4434 ἓν
1014 4370 1203 4453 δίκῃ
1267 4370 1320 4431 σ’
1385 4370 1673 4435 ἔτυπτον.

548 4495 733 4575 Quod
820 4498 1241 4576 spectatores
1320 4494 1459 4560 iam
1530 4494 1963 4574 intellegunt,
2038 4511 2131 4558 sc.
2205 4497 2312 4558 τὸν
2385 4492 2550 4576 ἥττω
2621 4490 2808 4570 λόγου

460 4637 643 4684 nunc
710 4619 1019 4685 adhiberi
1090 4620 1158 4682 in
1231 4621 1503 4700 patrem
1573 4635 1997 4699 perversum,
2063 4618 2179 4698 qui
2241 4618 2460 4682 filium
2509 4617 2810 4696 coegerit

463 4759 663 4807 suum
736 4745 817 4807 ut
882 4747 1109 4808 artem
1166 4742 1549 4807 addisceret
1609 4741 2008 4823 decipiendi,
2083 4779 2144 4786 —
2203 4742 2269 4806 id
2331 4741 2611 4805 omnino
2675 4757 2807 4804 non
