3478 5737
1892 580 1975 643 56

764 790 1045 838 caveam
1105 774 1326 853 ipsam
1394 772 1639 837 horum
1708 776 2180 837 extremorum
2244 772 2563 837 alterutri
2611 771 2869 851 favere,
2919 769 3114 833 facile

766 897 1212 977 intellegitur.
1264 896 1412 977 Qua
1458 912 1529 961 re
1579 896 1906 961 Teuffelio
1950 896 2272 961 assentiri
2322 912 2456 960 non
2505 910 2806 977 possum,
2841 895 3112 972 poetam

771 1020 1137 1103 „antiquae
1198 1018 1672 1100 simplicitatis
1732 1022 2117 1084 amatorem
2181 1035 2586 1097 morumque
2649 1016 3116 1098 integritatis·

768 1144 1067 1210 vocanti.

857 1366 894 1440 ἓ
940 1361 1003 1425 8.
1098 1360 1355 1427 Idcirco
1402 1380 1645 1445 operae
1692 1364 1993 1443 pretium
2041 1363 2370 1428 duximus
2418 1366 2739 1427 accurate
2775 1362 3120 1441 inquirere

770 1488 842 1551 in
900 1499 1033 1550 τοῖν
1083 1484 1296 1564 λόγοιν
1346 1489 1717 1567 certamen,
1768 1487 1928 1566 quia
1975 1487 2083 1553 cui
2131 1503 2270 1551 non
2316 1487 2754 1568 perspicuum
2805 1485 2919 1565 sit,
2967 1502 3121 1565 quo·

770 1611 969 1675 modo
1026 1627 1236 1675 cavea
1282 1627 1362 1675 eo
1409 1612 1504 1675 sit
1550 1611 1821 1692 affecta,
1869 1612 1928 1675 is
1976 1612 2193 1676 totius
2241 1610 2541 1675 Nubium
2591 1609 2867 1675 fabulae
2915 1608 3122 1673 consi·

772 1734 943 1799 lium
1004 1734 1405 1813 intellegere
1468 1752 1607 1799 non
1672 1738 1924 1815 potest.
1988 1735 2066 1799 In
2117 1736 2241 1799 hoc
2289 1733 2666 1799 certamine
2715 1732 3119 1816 praesertim

668 1914 673 1917 .
774 1858 1065 1940 populus
1144 1859 1309 1940 ipse,
1392 1861 1471 1922 ut
1539 1858 1914 1923 identidem
1983 1858 2529 1939 observavimuS,
2599 1856 3125 1939 perstringitur:

780 1982 988 2065 „Ecce
1034 1986 1313 2047 tuorum
1364 1972 1750 2047 studiorum
1798 1982 2086 2064 imago,”
2137 1982 2235 2046 sic
2284 1984 2556 2063 poetam
2611 1980 2810 2061 quasi
2850 1996 3126 2044 caveam

774 2106 1028 2186 alloqui
1074 2104 1413 2170 audimus.
1490 2104 1787 2189 „Omnes
1833 2122 2047 2187 prava
2091 2106 2366 2187 cupitiS,
2415 2106 2782 2185 artemque
2829 2101 3132 2169 dialecti-

778 2247 929 2295 cam
967 2247 1047 2294 ac
1079 2230 1489 2294 rhetoricam
1526 2228 1780 2293 vestris
1812 2229 2133 2311 pessimis
2166 2230 2472 2294 consiliis
2501 2229 2736 2294 favere
2769 2226 3132 2293 censeti8.''

867 2354 1203 2437 Populum
1273 2354 1640 2436 perstringi
1710 2354 1868 2417 cum
1929 2356 2216 2434 apparet
2278 2372 2366 2418 ex
2433 2353 2678 2418 ultima
2736 2352 3136 2418 certaminis

781 2483 998 2561 parte,
1045 2479 1197 2542 tum
1246 2494 1333 2541 ex
1381 2478 1836 2556 sequentibus
1881 2478 2118 2543 dictis:

872 2622 973 2668 VS.
1022 2604 1190 2667 892:
1240 2600 1403 2665 πολὺ
1449 2607 1569 2687 γὰρ
1614 2602 1856 2684 μᾶλλόν
1908 2605 1963 2665 σ’
2013 2607 2076 2668 zv
2125 2618 2254 2679 τοῖς
2303 2603 2590 2667 πολλοῖσι
2640 2602 2840 2683 λέγων
2891 2596 3133 2681 ἀπολῶ,

784 2745 957 2807 quae
1024 2728 1237 2792 verba
1304 2728 1681 2793 ostendunt
1751 2728 2146 2812 Improbum
2217 2730 2288 2794 in
2363 2733 2838 2813 spectatorum
2901 2730 3136 2794 favore

783 2851 1110 2917 collocare
1156 2851 1473 2917 fiduciam
1521 2870 1716 2918 suam
1765 2853 1873 2934 (cf.
1923 2854 1988 2918 h.
2041 2872 2097 2919 c.
2147 2858 2183 2932 g
2237 2854 2316 2934 1).

878 2993 979 3040 VS.
1026 2976 1192 3040 897:
1239 2989 1441 3040 ταῦτα
1486 2981 1605 3060 γὰρ
1652 2981 1838 3042 ἀνθεῖ
1883 2977 1988 3042 διὰ
2036 2984 2328 3044 τουτουσὶ

1230 3105 1375 3173 τοὺς
1422 3104 1749 3182 ἀνοήτους.
1777 3101 1826 3175 l)

872 3281 969 3340 De
1011 3282 1275 3342 Socratis
1318 3285 1595 3361 opinione
1636 3285 1898 3361 legimus
1940 3285 2120 3364 (Xen.
2163 3287 2344 3346 Mem.
2387 3287 2497 3344 IV.
2543 3289 2599 3347 5.
2642 3287 2734 3366 9):

875 3375 1152 3460 (ὥσπερ)
1218 3382 1249 3454 ἡ
1304 3386 1413 3458 μὲν
1468 3386 1810 3460 ἀκρασία
1865 3384 1966 3440 οὐκ
2025 3386 2180 3442 ἐῶσα
2241 3384 2546 3462 καρτερεῖν
2591 3385 2725 3441 οὔτε
2767 3386 2947 3457 δίψαν
3007 3385 3138 3442 οὔτε

794 3475 1156 3554 ἀφροδισίων
1248 3476 1589 3555 ἐπιθυμίαν.
1642 3521 1655 3536 .
1704 3523 1717 3536 .
1806 3481 2018 3537 κωλύει
2106 3484 2222 3547 τοῖς
2307 3485 2810 3556 ἀναγκαιοτάτοις
2889 3501 2956 3538 τε
3043 3489 3137 3540 καὶ

796 3577 1267 3649 συνεχεστάτοις
1329 3577 1658 3650 ἀξιολόγως
1704 3574 1995 3650 ἣδεσθαι·
2045 3580 2077 3652 ἡ
2121 3577 2176 3634 δ’
2217 3581 2662 3657 ἐγκράτεια
2703 3581 2852 3656 μόνη
2897 3583 3138 3636 ποιοῦσα

798 3671 1101 3748 καρτερεῖν
1159 3677 1236 3728 τα
1292 3677 1567 3750 εἰρημένα
1620 3676 1807 3750 μόνη
1867 3681 1989 3731 καὶ
2056 3674 2398 3748 ἥδεσθαι
2441 3677 2646 3732 ποιεῖ
2685 3679 2865 3752 ἀξίως
2905 3679 3140 3754 μνήμης

800 3771 891 3824 ἐπὶ
937 3769 1055 3832 τοῖς
1098 3774 1433 3846 εἰρημένοις.

879 3862 953 3923 cf.
1011 3865 1244 3924 Platon.
1290 3867 1647 3944 Symposion
1690 3870 1805 3928 176
1849 3868 1915 3946 O,
1960 3870 2079 3928 214
2118 3869 2193 3944 A,
2237 3871 2357 3929 220
2398 3871 2472 3929 A.
2545 3871 2910 3930 Rectissime
2951 3872 3141 3948 igitur

798 3959 1018 4019 Alfred
1076 3961 1326 4040 Weber,
1388 3962 1527 4022 hist.
1590 3963 1668 4024 de
1722 3965 1784 4024 la
1835 3965 2048 4043 philos.
2102 3967 2326 4045 Europ.
2383 3989 2440 4046 p.
2501 3969 2609 4028 61:
2659 3967 2945 4043 „Socrate
2987 3967 3142 4027 n’est

802 4060 934 4117 rien
974 4059 1167 4118 moins
1209 4059 1395 4134 qu’un
1436 4061 1671 4120 ascet&
1716 4067 1830 4121 etc.

883 4156 979 4213 De
1021 4155 1441 4234 Aristophanis
1480 4159 1671 4234 ipsius
1710 4160 1942 4219 ratione
1983 4160 2232 4220 vivendi
2271 4161 2347 4220 cf.
2391 4163 2548 4222 Plat.
2595 4163 2805 4241 Symp.
2846 4165 2959 4222 176
2987 4164 3062 4222 B.

882 4253 931 4327 1)
974 4252 1145 4330 Sunt,
1204 4254 1309 4329 qui
1362 4259 1579 4330 putent
1634 4255 1970 4316 Socraticos
2023 4257 2123 4317 hic
2177 4257 2522 4336 significari.
2585 4261 2673 4318 At
2729 4262 2838 4336 qui
2877 4261 3142 4338 potuerit

808 4352 935 4427 ipse
980 4351 1176 4423 Λόγος
1221 4355 1480 4417 Δίκαιος,
1526 4352 1633 4427 qui
1673 4352 1834 4412 inter
1876 4353 2140 4413 Socratis
2181 4355 2510 4434 discipulos
2551 4363 2646 4416 est
2676 4356 3012 4434 habendus,
3037 4357 3142 4416 tali

809 4447 1172 4506 contumelia
1213 4445 1453 4506 afficere
1496 4449 1683 4526 ipsius
1724 4450 2006 4510 scholam.
2049 4452 2454 4512 Leeuwenius
2495 4454 2769 4514 eiusdem
2792 4461 2887 4514 est
2907 4461 3142 4514 senten-

808 4545 947 4621 tiae,
989 4563 1071 4602 sc.
1127 4549 1493 4621 spectatores
1534 4545 1819 4619 indicari;
1863 4546 1938 4606 cf.
1981 4548 2132 4607 Ran.
2176 4551 2293 4608 952
2335 4571 2463 4626 sqq.
2505 4552 2624 4610 Est
2664 4553 3142 4612 animadverten-

809 4640 955 4698 dum
1022 4641 1194 4700 initio
1257 4642 1603 4702 certaminis
1670 4645 1770 4701 τὸν
1837 4649 2078 4711 Δίκαιον
2141 4652 2510 4724 spectatores
2570 4669 2788 4708 vocare
2843 4654 3139 4726 ἀνοήτους,

808 4741 1019 4814 postea
1053 4742 1253 4796 autem
1289 4739 1511 4796 sensim
1544 4759 1750 4798 eorum
1785 4740 2053 4800 favorem
2091 4749 2332 4822 captare
2371 4745 2535 4824 (vide
2571 4766 2756 4824 supra
2791 4747 2857 4808 Ο.
2895 4747 2964 4806 Π
3001 4747 3041 4826 ξ
3065 4749 3139 4820 6).
