3478 5737
1248 1257 1636 1323 CAPUT
1709 1257 1847 1321 IV.

728 1682 856 1748 De
917 1682 1168 1749 Actu
1232 1682 1542 1748 tertio
1607 1681 1767 1767 (vs,
1833 1655 2375 1767 814—1130).‘

452 1912 488 1983 ἓ
559 1908 617 1971 1.
713 1905 794 1969 In
859 1906 1068 1971 huius
1131 1906 1359 1970 Partis
1423 1906 1646 1987 capite
1694 1905 1747 1985 Ι,
1795 1910 1831 1981 ἓ
1880 1906 1920 1968 3
1968 1910 2056 1986 (p.
2107 1906 2190 1969 76
2238 1905 2407 1983 sqq.)
2454 1904 2723 1969 demon-

369 2034 587 2094 strare
635 2047 882 2095 sumus
928 2030 1156 2094 conati
1203 2031 1278 2094 et
1325 2030 1623 2094 Chorum
1673 2029 1747 2093 et
1792 2027 2169 2111 Socratem,
2218 2028 2367 2093 eius
2403 2028 2721 2093 adminis-

367 2158 576 2237 trum,
648 2154 716 2217 id
788 2170 1008 2235 agere,
1083 2156 1162 2218 ut
1225 2154 1528 2218 rusticus
1589 2152 1736 2233 ipsa
1802 2152 2233 2234 experientia
2294 2153 2535 2217 doctus
2596 2170 2720 2218 suo

369 2296 596 2343 errore
667 2278 1036 2342 levaretur.
1113 2276 1224 2341 Sic
1273 2278 1487 2358 igitur
1533 2280 1943 2359 spectatores,
1990 2277 2439 2341 huiuscemodi
2482 2278 2720 2358 opinio-

369 2404 554 2467 nibus
599 2404 660 2469 si
703 2404 876 2484 sorte
912 2406 1106 2467 erant
1141 2403 1416 2483 obnoxii,
1455 2438 1534 2447 -—-
1570 2402 1746 2481 quod
1782 2418 1918 2466 non
1948 2401 2323 2465 verisimile
2360 2436 2439 2447 --·
2471 2404 2716 2465 moveri

355 2528 670 2608 poterant
731 2530 810 2591 ut
863 2544 1162 2608 pravum
1227 2527 1402 2591 illud
1463 2527 1538 2591 de
1589 2526 2003 2608 philosophis
2060 2526 2383 2613 iudicium
2440 2526 2719 2591 missum

364 2652 674 2731 facerent.
749 2648 819 2713 Si
890 2650 998 2715 cui
1046 2650 1172 2713 hoc
1221 2651 1525 2714 nondum
1573 2649 1923 2730 probabile
1968 2649 2264 2731 videtur,
2312 2650 2448 2714 iam
2496 2653 2717 2715 atten-

364 2775 482 2837 dat
544 2774 630 2838 ad
697 2773 785 2855 id,
851 2774 1028 2853 quod
1079 2772 1344 2838 Chorus
1392 2774 1650 2838 rustico
1699 2775 1943 2839 suadet
1990 2778 2070 2840 ut
2116 2792 2235 2854 pro
2282 2775 2429 2855 ipso
2478 2775 2716 2855 mittat

365 2901 584 2964 filium
648 2899 804 2976 (795
867 2903 1005 2982 sq.),
1072 2899 1423 2964 Socratem
1487 2904 1725 2964 autem
1789 2901 2024 2964 statim
2077 2903 2233 2981 post
2278 2901 2589 2980 instigat,
2639 2903 2717 2964 ut

361 3041 541 3088 nova
589 3024 718 3088 hac
768 3027 1005 3090 utatur
1050 3024 1401 3088 occasione
1447 3027 1791 3104 agrestem
1842 3041 2048 3103 quam
2094 3025 2397 3088 maxime
2428 3023 2714 3103 urgendi

361 3147 801 3226 vexandique
835 3149 986 3224 (805
1021 3154 1208 3228 sqq.).
1259 3147 1447 3228 Quod
1491 3148 1756 3212 Chorus
1786 3152 1858 3213 et
1890 3147 2207 3214 Socrates
2237 3147 2715 3214 fraudulentas

359 3289 516 3351 erga
556 3270 1022 3351 Strepsiadem
1069 3275 1288 3351 agunt
1335 3275 1588 3352 parteS‚
1637 3271 1933 3337 libenter
1982 3272 2313 3336 nimirum
2350 3272 2715 3351 ignoscunt

357 3399 803 3477 spectatoreS‚
839 3413 932 3460 sc,
967 3396 1252 3459 minime
1287 3395 1602 3474 iniquum
1637 3396 1967 3460 ducentes
2001 3397 2337 3461 rusticum
2362 3412 2441 3458 eo
2465 3395 2711 3459 adduci

355 3537 394 3582 a
431 3520 840 3601 philosopho
873 3519 1480 3600 philosophiaeque
1512 3520 1847 3600 patmum,
1882 3523 1960 3584 ut
1992 3520 2063 3582 in
2098 3536 2375 3583 nassam
2406 3519 2713 3584 incurrat

355 3644 762 3724 debitasque
809 3645 892 3708 ob
940 3643 1276 3708 iniustum
1318 3644 1400 3706 de
1434 3643 1863 3725 philosophia
1895 3643 2222 3708 iudicium
2257 3643 2405 3707 luat
2435 3661 2709 3723 poenas,

443 3768 676 3834 Facile
774 3769 1205 3848 intellegitur
1304 3769 1666 3850 rusticum,
1753 3768 2034 3832 consilio
2122 3768 2323 3832 Chori
2404 3773 2707 3852 accepto,

357 3893 529 3958 nihil
577 3893 1074 3974 intemptatum
1124 3893 1508 3972 relinquere
1556 3909 1965 3972 summaque
2013 3909 2139 3974 ope
2188 3893 2317 3956 niti
2366 3898 2445 3957 ut
2490 3893 2707 3958 filium

351 4016 694 4098 perpellat
739 4017 824 4080 ad
871 4017 1135 4081 dicendi
1183 4020 1255 4081 et
1303 4017 1697 4098 disputandi
1746 4022 1933 4082 artes
1964 4017 2430 4082 addiscendas.
2503 4017 2708 4082 Mina-

351 4145 470 4206 tur
539 4159 614 4206 se
685 4159 844 4205 eum
909 4140 1105 4204 domo
1167 4144 1640 4222 extrusurum,
1705 4141 1763 4204 si
1826 4141 2125 4204 noluerit
2181 4144 2306 4221 (vs,
2356 4141 2506 4220 802,
2553 4143 2704 4224 814,

348 4267 546 4346 815);
593 4266 837 4329 irridet
885 4265 1122 4346 fllium,
1172 4267 1348 4344 quod
1403 4265 1762 4349 τηλικοῦτος
1810 4268 1897 4330 ὢν
1948 4271 2055 4330 τὸν
2108 4269 2228 4328 Aia
2278 4267 2528 4346 νομίζει,
2572 4285 2707 4346 qua

345 4391 668 4455 irrisione
729 4389 937 4468 pungi
1003 4394 1074 4454 et
1133 4391 1409 4454 incitari
1473 4391 2066 4478 adulescentulum
2131 4392 2281 4455 iure
2336 4395 2569 4472 putat;
2622 4427 2702 4436 —-

342 4514 828 4594 gratissimum
925 4513 1244 4578 videlicet
1319 4519 1427 4579 est
1505 4516 1781 4595 rustico,
1860 4515 2025 4579 olim
2104 4516 2291 4580 Iovis
2366 4515 2702 4580 ultionem

343 4639 654 4718 timenti,
734 4638 906 4716 quod
987 4639 1548 4720 philosophorum
1629 4641 1975 4721 sapientia
2048 4641 2185 4704 iam
2250 4641 2549 4705 deletum
2612 4641 2705 4705 sit

344 4762 852 4844 omnipotentis
918 4763 1279 4843 imperium
1354 4765 1760 4844 molestum3
1830 4766 2067 4844 itaque
2134 4767 2363 4830 virum
2433 4765 2701 4830 fraudu-

2562 4889 2625 4940 11
