3478 5737
1514 588 1601 651 99

392 782 1014 861 absurdissimeque
1074 781 1287 863 addit,
1350 782 1664 863 privatae
1727 780 2058 845 utilitatis
2103 782 2492 847 studiosus:
2549 782 2735 865 „fieri

398 906 653 985 nequit,
716 910 797 970 ut
857 922 1038 987 reuS,
1101 905 1218 985 qui
1284 909 1427 970 tam
1479 906 1652 969 bene
1698 904 1936 969 culicis
1983 906 2256 969 noverit
2301 905 2736 989 intestinum,

394 1029 945 1095 condemnetur.”
1017 1028 1277 1095 Deinde
1324 1046 1423 1093 vs.
1476 1030 1599 1093 174
1648 1028 1848 1093 dicit:

744 1152 948 1238 ἣσθην
997 1152 1279 1237 γαλεώτῃ
1330 1156 1741 1237 καταχέσαντι
1797 1154 2197 1235 Σωκράτους,

394 1274 504 1355 qui
576 1294 821 1341 versus
888 1278 987 1342 sic
1054 1278 1432 1342 vertendus
1501 1277 1671 1343 mihi
1743 1278 2053 1341 videtur:
2129 1278 2593 1361 „quantopere
2665 1277 2733 1341 in

393 1399 601 1465 risum
650 1401 961 1466 effundor
1009 1403 1096 1467 ob
1140 1402 1337 1467 illum
1384 1402 1774 1466 stellionem
1824 1401 1962 1481 qui.
1993 1450 2008 1465 .
2037 1400 2098 1465 .'’
2147 1404 2275 1465 eet.
2323 1400 2514 1465 Licet
2551 1401 2736 1464 enim

394 1540 591 1603 quam
664 1525 967 1589 maxime
1035 1525 1519 1607 philosophum
1586 1525 1968 1589 admiretur
2038 1542 2256 1605 neque
2324 1524 2473 1589 eius
2535 1523 2738 1588 malis

394 1647 603 1728 possit
664 1648 929 1729 laetari,
997 1686 1077 1695 —
1140 1654 1375 1715 tamen
1439 1668 1639 1714 casus
1701 1649 1912 1713 nimis
1972 1650 2034 1713 ei
2082 1649 2361 1713 videtur
2407 1648 2737 1713 ridiculus

394 1788 594 1851 quarn
644 1776 723 1837 ut
767 1774 1137 1838 cachinnos
1182 1774 1403 1856 possit
1448 1773 1920 1855 comprimere.

477 1895 595 1961 Vs.
672 1897 799 1961 180
868 1897 1164 1978 denique
1231 1898 1608 1963 exclamat:
1688 1900 1749 1961 τί
1817 1896 1955 1981 δῆτ’
2025 1900 2257 1961 ἐκεῖνον
2329 1902 2437 1961 τὸν
2515 1896 2731 1978 Θαλῆν

394 2022 797 2103 θαυμάζομεν
822 2048 838 2097 ;

478 2284 513 2355 5
582 2280 643 2343 5.
740 2280 889 2344 Non
962 2279 1179 2359 magis
1248 2298 1454 2359 quam
1528 2296 1700 2359 quae
1769 2280 1852 2343 de
1921 2279 2222 2343 Socratis
2291 2278 2474 2344 furto
2541 2280 2734 2344 modo

397 2404 689 2468 vidimus
751 2422 849 2486 ea,
913 2420 1085 2483 quae
1149 2404 1216 2467 in
1282 2403 1599 2484 sequenti
1662 2421 1912 2469 scaena
1955 2408 2430 2485 proponuntur
2475 2409 2735 2485 specta-

394 2524 674 2606 toribuS,
738 2526 937 2590 unice
998 2526 1070 2589 in
1120 2525 1423 2590 Socratis
1468 2525 1880 2590 derisionem
1928 2525 2322 2605 excogitata
2367 2542 2517 2591 esse
2567 2526 2736 2590 mihi

396 2648 727 2713 videntur.
810 2650 1028 2729 Rogat
1086 2650 1382 2728 agricola
1444 2667 1597 2714 cum
1661 2650 1834 2713 videt
1872 2648 1921 2729 1)
1981 2649 2351 2731 discipulos
2413 2653 2735 2714 curvatos

749 2812 814 2821 -—-

466 2899 513 2976 1)
568 2898 671 2957 Ad
724 2919 811 2957 vs.
875 2899 988 2957 184
1041 2895 1319 2974 perhibet
1372 2897 1757 2954 scholiastes:
1821 2901 2098 2971 πεποίηκε
2144 2899 2210 2953 τὸ
2255 2895 2656 2974 προσ-ταχθὲν
2707 2899 2732 2952 ὁ

392 2995 723 3071 Φιλόσοφος
766 3002 863 3052 καὶ
907 2999 1189 3072 ἀνέῳξε
1236 3005 1343 3059 ταὶς
1372 2994 1582 3072 θύραις.
1629 2996 1749 3051 ὁδε
1777 2996 1882 3069 (sc.
1917 2994 2321 3072 Strepsiades)
2363 2993 2732 3058 εἰσελθὼν

394 3103 511 3150 καὶ
589 3092 1079 3170 θεασάμενος
1155 3093 1366 3158 αὐτοὺς
1428 3097 1656 3170 ὠχροὺς
1722 3090 2096 3170 καθημένους
2161 3089 2546 3168 τεθαύμακεν
2617 3097 2730 3150 ete.

391 3191 639 3250 Minime
680 3195 881 3249 autem
924 3209 1059 3248 cum
1102 3188 1214 3248 hoc
1254 3189 1479 3248 scholio
1523 3189 1824 3266 quadrant
1865 3207 2018 3264 quae
2055 3189 2314 3264 legimus
2361 3188 2439 3246 ad
2466 3209 2556 3247 vs.
2586 3190 2730 3248 195:

393 3295 547 3346 nard
594 3291 660 3346 τὸ
704 3291 1095 3365 σιωπώμενον,
1142 3291 1401 3344 ἄλλων
1445 3284 2059 3364 ἐξεληλυθότων
2102 3290 2168 3343 ἐκ
2213 3291 2318 3342 τοῦ
2353 3291 2723 3364 φροντιστη-

392 3392 525 3464 ρίου,
584 3393 649 3444 et
702 3387 761 3443 iu
802 3385 1097 3444 Vaticano
1143 3384 1397 3462 (Zacher
1438 3405 1494 3462 p.
1540 3385 1657 3442 702
1698 3385 1773 3440 A.
1823 3385 1910 3453 1):
1957 3387 2070 3440 oin-b
2114 3389 2218 3440 τοῦ
2256 3387 2439 3440 εἴσιτε
2483 3393 2581 3439 καὶ
2628 3391 2732 3440 τοῦ

390 3487 807 3561 ἐπιμεινάντων
851 3485 1151 3540 δείκνυται
1194 3483 1281 3539 ὅτι
1344 3501 1467 3538 και
1526 3485 1756 3539 ἄλλοι
1815 3492 2019 3545 τινὲς
2077 3488 2223 3537 τῶν
2271 3485 2732 3558 Σωκράτους

388 3579 765 3657 μαθητῶν
841 3577 1339 3656 συνεξῆλθον
1416 3581 1505 3654 τῷ
1582 3577 1920 3656 μαθητῇ
1995 3580 2076 3651 τῷ
2139 3585 2294 3656 μετὰ
2360 3579 2732 3655 Στρεψιάδου

390 3681 705 3755 ὁμιλοῦντι.
793 3677 945 3736 Cum
1002 3677 1383 3754 Strepsiades
1438 3697 1524 3736 νε.
1584 3677 1701 3734 510
1759 3676 2002 3734 demum
2059 3675 2488 3734 meditaculum
2546 3676 2733 3734 intret

389 3781 449 3834 et
488 3797 607 3834 non
648 3777 855 3834 statim
898 3780 1217 3852 postquam
1257 3776 1590 3852 discipulus
1632 3776 1871 3852 aperuit
1913 3774 2168 3848 ianuam,
2212 3773 2480 3832 scholion
2522 3773 2602 3832 ad
2641 3795 2730 3834 νε.

392 3875 502 3933 184
556 3875 725 3932 nulla
778 3872 898 3932 fide
954 3893 1083 3932 esse
1140 3873 1412 3950 dignum,
1470 3893 1644 3931 nemo
1686 3871 1954 3949 negabit.
2021 3871 2222 3948 Magis
2261 3871 2596 3948 probabilis
2636 3877 2730 3930 est

386 3971 742 4031 scholiastae
798 3971 877 4030 ad
930 3991 1017 4029 νε.
1082 3973 1192 4028 195
1250 3971 1609 4047 coniectura,
1668 3970 1996 4046 discipulos
2052 3969 2217 4042 alios,
2282 3969 2460 4026 ianua
2502 3975 2725 4046 aperta,

388 4067 545 4128 foras
598 4069 847 4142 exiisse3
915 4067 991 4126 cf.
1047 4068 1409 4127 Heidhuesii
1465 4068 1914 4127 observationes
1971 4065 2050 4143 (p.
2109 4069 2208 4140 35)
2261 4067 2728 4142 Leeuweniique

388 4167 485 4231 (ad
547 4187 635 4226 vs.
706 4167 860 4238 184).
940 4166 1005 4224 Si
1059 4167 1147 4224 sic
1200 4165 1373 4224 nobis
1430 4187 1557 4224 rem
1612 4165 1913 4242 fingimus,
1973 4183 2124 4240 opus
2164 4183 2283 4221 non
2325 4169 2436 4240 est,
2481 4171 2550 4221 ut
2591 4185 2727 4222 cum

387 4265 717 4323 Biiehelero
780 4271 859 4340 (p.
926 4265 1044 4322 670
1098 4263 1172 4322 N.
1215 4263 1360 4322 Jhb.
1420 4263 1460 4322 f.
1516 4263 1626 4321 Ph.
1680 4283 1736 4320 u.
1782 4261 1968 4319 Paed.
2017 4260 2192 4338 1861)
2233 4281 2594 4320 evacuemus
2637 4282 2722 4320 νε.

391 4365 700 4421 195—199
758 4366 827 4418 ut
869 4361 1176 4419 contextui
1218 4363 1374 4420 male
1417 4367 1605 4438 aptos,
1670 4361 1900 4420 Verum
1941 4359 2100 4416 enim
2142 4379 2285 4417 vero
2326 4361 2380 4418 si
2419 4360 2724 4438 paululum

387 4461 561 4518 aliter
614 4479 741 4518 rem
796 4460 1132 4517 scaenieam
1188 4459 1527 4517 institutam
1585 4477 1715 4517 esse
1773 4457 2114 4533 accipimu8,
2167 4476 2238 4514 ea
2279 4476 2431 4532 quae
2473 4459 2727 4516 audiunt

388 4563 447 4615 et
506 4577 661 4634 quae
724 4563 978 4616 cernunt
1038 4563 1409 4633 spectatores
1466 4557 1681 4615 melius
1736 4556 1896 4612 inter
1949 4573 2082 4612 sese
2139 4557 2454 4614 convenire
2498 4557 2722 4632 opinor.

392 4655 683 4714 Prima1·ia
745 4660 907 4714 cert-e
970 4659 1064 4711 est
1130 4657 1422 4730 quaestio,
1487 4675 1744 4731 quonam
1801 4651 2010 4710 habitu
2069 4654 2201 4717 τοὺς
2257 4655 2592 4728 ζητοῦντας
2648 4659 2726 4709 τοὶ

395 4773 545 4812 κατα
610 4759 728 4830 γῆς
790 4757 901 4832 (νε.
963 4755 1100 4826 188)
1159 4753 1333 4812 nobis
1388 4755 1705 4830 fingamus,
1765 4759 1828 4809 et
1870 4770 2001 4814 τους
2046 4750 2263 4828 σφόδρ’
2303 4752 2729 4828 ἐγκεκυφότας

1737 5361 2198 5478 490258
