3478 5737
1858 595 1982 659 192

712 808 812 872 ea,
877 807 1052 870 quae
1116 791 1242 856 tibi
1290 791 1576 871 probare
1623 790 1695 853 in
1745 790 1976 854 animo
2023 790 2305 855 habe0.''
2376 791 2693 874 Propriae
2738 794 3065 859 utilitatis

713 932 1090 995 numquam
1141 914 1522 995 immemor,
1573 916 1773 993 rogat
1819 913 2128 978 curiosus
2173 918 2409 979 noster
2452 922 2578 997 (vs.
2632 917 2861 994 1442):

889 1052 1024 1113 πῶς
1073 1039 1190 1120 δή,·
1237 1038 1499 1112 δίδαξον
1548 1042 1689 1119 γάρ,
1742 1040 1803 1101 τί
1847 1040 1914 1119 μ’
1962 1040 2026 1101 ἐκ
2076 1043 2315 1103 τούτων
2362 1039 2791 1123 ἐπωφελήσεις.

711 1164 1105 1245 Respondet
1150 1162 1366 1228 filius:

1222 1292 1334 1369 τὴν
1384 1286 1601 1371 μητέρ’
1653 1285 1858 1370 ὥσπερ
1906 1292 2011 1350 καὶ
2059 1290 2120 1350 σὲ
2168 1293 2482 1371 τυπτήσω.

708 1412 858 1477 Hoc
905 1412 1257 1477 rusticello
1307 1412 1598 1477 nimium
1648 1416 1775 1494 est,
1824 1412 1934 1477 cui
1982 1413 2244 1478 scilicet
2294 1451 2374 1460 —
2426 1418 2504 1479 ut
2550 1415 2664 1479 fit!
2717 1450 2796 1459 —-
2831 1414 3060 1478 subito

712 1554 882 1601 uxor
928 1540 1039 1601 est
1083 1537 1460 1601 carissima.
1534 1536 1835 1601 Tandem
1886 1536 2005 1601 filii
2057 1539 2321 1603 verbis:

1507 1664 1570 1725 τί
1618 1660 1697 1744 δ’,
1746 1662 1822 1742 ἢν
1872 1661 2077 1747 ἔχων
2142 1652 2278 1727 τόν
2340 1664 2551 1747 ἢττω

977 1784 1218 1865 λόγον
1284 1808 1345 1848 σε
1393 1790 1629 1869 νικήσω
1675 1786 1895 1868 λέγων,

975 1918 1087 1994 τὴν
1137 1914 1350 1995 μητέρ’
1399 1917 1482 1985 ὡς
1532 1916 1782 1978 τύπτε-ιν
1834 1915 2071 1998 χρεώνς

709 2036 958 2100 melius
1041 2037 1318 2102 docetur
1387 2041 1602 2119 pater,
1675 2038 1793 2118 qui
1863 2038 2275 2119 resipiscens
2343 2038 2540 2102 illum
2610 2038 2775 2121 ἥττω
2845 2036 3055 2119 λόγον,

707 2160 867 2224 olim
917 2160 1599 2243 desideratissimum,
1657 2162 1797 2227 iam
1846 2165 2048 2245 putat
2094 2163 2619 2227 exsecrandum.
2694 2163 2812 2247 „In
2862 2164 3057 2227 bara-

707 2286 944 2349 thrum
1015 2287 1383 2365 quominus
1444 2288 1685 2351 iniciat
1745 2302 1818 2350 se
1884 2288 2111 2368 ipsum
2182 2287 2365 2351 filius
2426 2304 2585 2351 cum
2646 2286 2923 2353 Socrate
2984 2292 3057 2351 et

707 2410 1005 2489 peiorem
1098 2410 1292 2475 illum
1385 2427 1791 2493 sermonem,
1885 2411 1981 2475 nil
2074 2412 2397 2491 obstabit,
2486 2412 2543 2475 si
2628 2412 3059 2492 argumentis

707 2536 991 2615 probare
1037 2535 1424 2599 instituerit
1485 2538 1779 2600 matrem
1832 2536 2180 2599 verberari
2227 2535 2607 2617 oportere.’'
2669 2535 2803 2600 Hic
2850 2536 3056 2600 rideri

709 2657 1121 2739 Strepsiadis
1180 2658 1654 2723 credulitatem
1718 2660 2003 2741 eiusque
2064 2672 2174 2723 τοῦ
2236 2659 2495 2743 ἥττονος
2552 2660 2743 2739 λόγου
2790 2664 3051 2725 metum

708 2782 1217 2861 fastidiumque,
1284 2798 1486 2846 nemo
1552 2798 1687 2846 non
1756 2783 1963 2847 videt.
2056 2782 2409 2848 Socratem
2459 2802 2700 2849 revera
2746 2784 3054 2849 docuisse

708 2910 967 2970 matres
1033 2923 1182 2970 esse
1231 2907 1787 2988 contemnendaS‚
1837 2909 1993 2987 quis
2039 2909 2324 2974 credat?
2392 2909 2632 2991 Immo,
2681 2909 2792 2974 vel
2841 2925 3053 2973 moro·

706 3047 856 3095 sam
938 3034 1231 3095 matrem
1315 3032 1518 3095 iussit
1601 3031 1789 3112 diligi
1876 3031 2322 3114 philosophus
2398 3038 2631 3098 noster
2697 3033 2803 3114 (cf.
2874 3031 3053 3104 Xen.

707 3154 906 3218 Mem.
956 3153 1039 3218 II.
1088 3156 1168 3231 2.)

797 3278 1088 3342 Suorum
1160 3278 1498 3342 malorum
1570 3279 1841 3360 culpam
1912 3297 2078 3344 suae
2148 3281 2364 3360 ipsius
2424 3281 2804 3346 attribuere
2870 3281 3054 3344 stoli·

706 3402 910 3466 ditati
957 3418 1323 3481 rerumque
1370 3403 1738 3482 cognitioni
1787 3403 2078 3484 ieiunae,
2128 3404 2476 3469 rust-icello
2515 3421 2601 3469 ne
2638 3406 2709 3468 in
2752 3408 3051 3469 mentem

707 3527 978 3606 quidem
1067 3527 1280 3590 venit.
1368 3525 1657 3590 Omnem
1723 3527 1933 3607 igitur
2004 3527 2276 3607 culpam
2346 3529 2611 3593 confert
2679 3531 2750 3592 in
2824 3527 3055 3592 Nubes

706 3656 834 3727 (vs,
887 3652 1113 3729 1452):

1111 3779 1290 3838 ταυτὶ
1339 3775 1421 3838 δι’
1475 3781 1654 3856 ὑμᾶς,
1705 3773 1754 3838 ὦ
1806 3775 2114 3857 Νεφέλαι,
2163 3777 2432 3840 πέπονθ’
2482 3780 2623 3859 ἐγώ,

1107 3895 1252 3971 ὑμῖν
1300 3895 1560 3965 ἀναθεὶς
1606 3891 1865 3956 ἃπαντα
1913 3896 2082 3972 τάμὰ
2131 3897 2493 3976 πράγματα.

795 4015 1186 4095 Respondet
1255 4015 1550 4081 Chorus:
1627 4017 1997 4100 „Tutemet
2064 4018 2193 4100 ipsi
2266 4019 2527 4084 horum.
2582 4017 2917 4082 malorum
2980 4033 3055 4080 es

705 4154 930 4219 causa,
1004 4140 1164 4218 quia
1231 4143 1302 4204 te
1368 4141 1594 4222 ipsum
1665 4141 1751 4205 ad
1819 4142 2001 4206 mala
2062 4143 2471 4208 convertisti
2535 4141 2903 4207 facinora.”
2972 4177 3051 4187 —-

711 4262 1060 4344 „Quidniss'
1125 4267 1321 4342 rogat
1383 4263 1839 4346 Strepsiades,
1908 4283 2047 4349 „me
2107 4271 2303 4331 antea
2365 4267 2759 4331 monuistis?
2806 4283 2924 4328 cur
2964 4265 3057 4330 acl

704 4403 1000 4448 summas
1066 4404 1165 4450 mc
1235 4387 1556 4451 homi-nem
1627 4391 1957 4468 cyrestem
2025 4389 2406 4454 adduxistis
2464 4388 2965 4471 eoespectationes
2980 4387 3055 4451 .?''

709 4509 896 4572 Tunc
955 4512 1342 4588 sequuntur
1404 4510 1520 4574 illa
1570 4511 1770 4575 Obori
1824 4513 2030 4577 verba
2074 4512 2215 4577 iam
2261 4530 2303 4577 a
2350 4514 2548 4577 nobis
2593 4513 2829 4592 citat-a,
2880 4529 3055 4592 quae

707 4632 786 4696 ad
855 4632 1076 4696 totius
1137 4634 1410 4699 fabulae
1480 4636 1844 4701 consilium
1913 4638 2457 4717 cognoscendum
2528 4637 2816 4702 maximi
2888 4653 3053 4702 sane

711 4761 878 4820 sunt
925 4759 1241 4838 ponderis
1287 4763 1412 4838 (vs.
1467 4761 1635 4826 1458
1684 4771 1890 4842 sqq.):
