3478 5737
1823 575 1909 638 90

692 768 992 848 dederit;
1042 785 1214 850 opus
1259 769 1443 832 enim
1493 773 1601 833 est
1647 769 1796 833 sinc
1835 771 1937 834 ira
1973 773 2045 834 et
2082 769 2308 834 studio
2347 769 2417 834 in
2450 771 2749 851 poetam,
2783 770 3040 847 absque

689 893 877 956 omni
940 891 1343 956 morositate
1408 909 1526 972 per
1573 909 1646 956 se
1693 893 1879 974 ipsas
1924 893 2296 958 aestimare
2343 893 2635 957 comicas
2682 893 3039 974 oppositio·

691 1034 833 1100 neS,
884 1035 1102 1096 neque
1149 1017 1444 1082 absurda
1491 1035 1609 1098 pro
1643 1017 1841 1082 seriis
1874 1018 2143 1082 habere.
2193 1017 2411 1098 Quam
2445 1035 2685 1099 parum
2734 1017 3038 1098 maligni-

689 1142 860 1206 tatis
906 1142 1077 1207 insit
1124 1143 1194 1206 in
1245 1142 1662 1224 Strepsiadis
1707 1143 1791 1207 de
1831 1143 2260 1225 philosophia
2292 1142 2628 1225 opinione,
2664 1142 3037 1223 intelleges,

691 1265 749 1329 si
796 1267 924 1330 tibi
976 1267 1188 1346 finges
1235 1269 1471 1330 nostra
1510 1269 1745 1332 aetate
1778 1267 2127 1332 hominem
2160 1268 2503 1348 quendam
2540 1268 3036 1348 brutissimum,

689 1407 902 1470 prava
955 1390 1366 1473 cupientem,
1417 1390 1853 1470 frequentare
1900 1392 1969 1456 in
2017 1393 2249 1457 animo
2299 1393 2547 1458 habere
2598 1391 3038 1457 Academiam

689 1513 988 1593 aliquam
1036 1513 1572 1597 celeberrimam,
1625 1519 1702 1579 ut
1749 1515 2113 1580 clarissimi
2164 1517 2294 1580 viri
2334 1517 2626 1581 alicuius
2657 1517 2739 1580 de
2770 1515 3040 1610 chemia

691 1637 1102 1703 lectionibus
1185 1639 1481 1720 intersit,
1552 1639 1757 1719 idque
1826 1656 1905 1704 eo
1976 1639 2277 1720 consili0‚
2352 1643 2433 1704 ut
2497 1643 2719 1704 artem
2790 1655 3035 1704 aurum

692 1766 1143 1842 argentumve
1203 1765 1649 1844 componendi
1713 1780 2172 1845 nummosque
2233 1763 2663 1830 adulterandi
2710 1763 3033 1827 addiscat.

691 1885 866 1966 Quid
915 1886 1146 1967 potius
1191 1887 1334 1950 fore
1381 1887 1646 1952 credis?
1698 1891 1778 1952 ut
1810 1887 1916 1952 vir
1950 1888 2193 1954 doctus
2224 1887 2633 1969 sapiensque
2670 1889 2755 1952 ob
2792 1886 3037 1951 falsam

690 2008 773 2073 de
841 2026 968 2074 sua
1035 2008 1346 2074 doctrina
1415 2009 1807 2090 opinionem
1878 2011 1981 2076 ira
2050 2011 2503 2076 excandescat
2546 2028 2635 2075 an
2686 2013 2764 2075 ut
2808 2009 3039 2074 ridens

689 2133 925 2198 audiat
971 2134 1155 2198 bruti
1203 2134 1566 2198 consilium
1586 2136 1620 2198 ·?
1669 2135 1855 2215 Quod
1909 2134 2411 2215 Aristophanes
2457 2133 2790 2200 eiusmodi
2838 2133 3037 2197 ratio·

691 2274 848 2321 nem
919 2258 1102 2322 inter
1150 2257 1498 2323 Socratem
1549 2262 1622 2322 et
1669 2259 2009 2323 rusticum
2058 2259 2187 2322 sibi
2237 2259 2461 2340 finxit,
2511 2258 2577 2322 id
2628 2258 2826 2322 nobis
2872 2256 3036 2320 indi·

691 2381 793 2444 cio
854 2399 1004 2446 esse
1065 2397 1198 2446 non
1257 2386 1486 2463 potest
1531 2382 1881 2447 Socratem
1931 2383 2044 2447 vel
2092 2381 2559 2464 philosophica
2604 2382 2835 2447 studia
2882 2380 3035 2444 odio

692 2505 754 2570 ei
838 2506 1073 2570 fuisse.
1183 2507 1401 2576 Immo
1466 2510 1646 2571 'vero
1731 2510 1805 2571 et
1872 2507 2095 2588 ipsum
2182 2507 2718 2589 Aristophanem
2788 2505 3039 2571 studiis

693 2630 1180 2712 philosophicis
1246 2631 1674 2710 aliquamdiu
1743 2649 2021 2712 operam
2092 2631 2357 2696 dedisse
2426 2649 2513 2696 ex
2583 2650 2663 2697 eo
2731 2633 3037 2713 apparet,

693 2753 869 2832 quod
933 2753 1152 2819 iocose
1212 2757 1516 2818 testatur
1579 2753 1971 2819 Alcibiades
2030 2753 2123 2834 (in
2184 2755 2420 2836 Symp.
2472 2757 2599 2818 :218
2649 2755 2761 2835 B):
2811 2757 3039 2828 πάντες

691 2884 810 2961 γὰρ
880 2880 1085 2959 (inter
1151 2896 1284 2960 eOS,
1353 2896 1522 2959 quos
1586 2879 1963 2960 alloquitur
2025 2880 2235 2945 etiam
2306 2881 2801 2961 Aristophanes
2862 2884 3037 2957 erat)

692 3008 1180 3086 κεκοινωνήκατε
1231 3020 1335 3084 τῆς
1383 3004 1729 3085 φιλοσόφου
1778 3006 2010 3085 μανίας
2058 3030 2119 3067 τε
2165 3010 2267 3067 καὶ
2318 3008 2611 3090 βακχείας

782 3202 818 3279 ξ
890 3202 950 3263 3.
1044 3200 1630 3281 Quemadmodum
1702 3199 2085 3265 mirandum
2136 3203 2289 3264 erat
2338 3200 2722 3282 Phidippidi
2776 3199 3035 3263 vicinos

691 3340 840 3387 esse
888 3323 1177 3405 ignotOS,
1227 3323 1324 3387 sic
1371 3324 1544 3389 satis
1592 3324 1953 3387 ridiculum
2004 3328 2112 3388 est
2160 3323 2623 3405 Strepsiadem
2672 3340 2808 3387 non
2857 3326 3036 3406 ἀκρι-

689 3451 815 3532 βιῡς
879 3434 1055 3511 scire
1117 3445 1674 3529 philosophorum
1738 3447 2021 3512 nomina
2082 3451 2207 3529 (vs.
2262 3448 2434 3523 100).
2508 3448 2753 3511 Facete
2799 3452 3031 3513 autem

689 3590 857 3637 rem.
898 3572 996 3636 sic
1057 3572 1186 3635 sibi
1251 3570 1455 3635 finxit
1515 3576 1736 3650 poeta.
1822 3571 2087 3635 Brutus
2132 3572 2317 3636 enim
2369 3588 2487 3651 pro
2536 3588 2663 3635 sua
2709 3571 3035 3635 fatuitate

691 3697 912 3761 solum
975 3696 1278 3761 attendit
1336 3695 1418 3760 ad
1479 3700 1585 3759 τὸν
1634 3696 1854 3759 ἄδικον
1903 3694 2111 3774 λόγον,
2160 3712 2293 3759 non
2342 3695 2426 3759 ad
2476 3695 3031 3776 philosophorum

691 3837 1050 3901 personas3
1122 3819 1404 3899 quinam
1473 3821 1619 3885 sint
1686 3822 1788 3885 illi
1848 3822 2495 3904 μεριμνοφροντισταί,
2561 3820 2685 3883 hoc
2732 3818 2902 3883 nihil
2948 3818 3030 3881 ad

690 3962 873 4023 rem;
921 3944 1103 4007 καλοί
1150 3970 1209 4008 τε
1257 3948 1532 4023 κάγαθοί
1580 3946 1822 4025 utique
1869 3951 2053 4011 sunt.
2126 3946 2306 4011 Sunt
2357 3944 2765 4025 philosophi,
2812 3942 2876 4007 id
2912 3958 3033 4023 pro

691 4080 876 4133 certo
923 4070 1076 4148 scit,
1123 4072 1194 4133 et
1239 4069 1401 4150 quia
1438 4071 1640 4135 fando
1673 4072 2036 4135 audiverat
2066 4071 2245 4152 apud
2282 4069 2719 4151 philosophos
2748 4084 2899 4132 esse
2924 4072 3029 4132 τὸν

690 4193 908 4257 ἄδικον
944 4194 1137 4258 illum
1174 4192 1383 4273 λόγον,
1417 4198 1617 4275 putat
1648 4212 1807 4259 eum
1840 4196 2052 4259 etiam
2089 4212 2239 4259 esse
2270 4211 2482 4275 penes
2514 4193 2779 4257 vicinos
2802 4192 3035 4267 suosl)

772 4371 818 4444 1)
861 4370 967 4429 Vs·
1018 4372 1128 4428 112
1173 4389 1290 4445 sq.:
1356 4372 1498 4427 εἶναι
1543 4368 1682 4447 παρ’
1730 4370 1927 4434 αὐτοῖς
1971 4374 2163 4447 φασιν
2208 4368 2393 4447 ἄμφω
2438 4372 2519 4425 τὼ
2567 4370 2751 4440 λόγω,

1351 4470 1450 4524 τὸν
1496 4465 1809 4544 κρείττον’,
1856 4468 2019 4531 ὅστις
2061 4470 2215 4532 ἐστὶ,
2264 4474 2359 4523 καὶ
2406 4468 2505 4522 τὸν
2554 4464 2797 4539 ἥττονα.

767 4564 864 4621 Ex
920 4565 1219 4639 agricolae
1277 4565 1467 4641 igitur
1521 4564 1798 4641 opinione
1855 4564 2018 4621 ambo
2076 4564 2159 4621 illi
2216 4566 2440 4637 λόγοι
2482 4568 2802 4621 versantur
2844 4562 2905 4619 in
2951 4563 3033 4619 τῶ

687 4662 1147 4739 epponi-mmmm.
1231 4660 1354 4734 Qui
1411 4668 1613 4719 autem
1669 4662 1755 4737 fit,
1812 4668 1882 4719 ut
1938 4666 2077 4720 ante
2133 4667 2437 4719 certamen
2480 4660 2695 4719 initum
2738 4662 2851 4733 (VS.
2894 4660 3037 4733 893)

682 4758 803 4817 sibi
843 4760 1102 4817 invicem
1145 4760 1469 4819 videantur
1511 4760 1747 4837 ignoti?
1810 4760 1896 4817 At
1937 4759 2119 4817 nimis
2160 4778 2303 4818 sane
2346 4778 2561 4820 severa
2602 4762 2695 4819 est
2737 4756 3033 4834 quaestio.
