<?xml version="1.0" encoding="UTF-8"?>
<!DOCTYPE html PUBLIC "-//W3C//DTD XHTML 1.0 Transitional//EN"
    "http://www.w3.org/TR/xhtml1/DTD/xhtml1-transitional.dtd">
<html xmlns="http://www.w3.org/1999/xhtml" xml:lang="en" lang="en">
 <head>
  <title>
</title>
<meta http-equiv="Content-Type" content="text/html;charset=utf-8" />
  <meta name='ocr-system' content='tesseract 3.04.00' />
  <meta name='ocr-capabilities' content='ocr_page ocr_carea ocr_par ocr_line ocrx_word'/>
</head>
<body>
  <div class='ocr_page' id='page_1' title='image "./dearistophanisi00heldgoog_0026.png"; bbox 0 0 3478 5737; ppageno 0'>
   <div class='ocr_carea' id='block_1_1' title="bbox 1815 585 1898 647">
    <p class='ocr_par' dir='ltr' id='par_1_1' title="bbox 1815 585 1898 647">
     <span class='ocr_line' id='line_1_1' title="bbox 1815 585 1898 647; baseline -0.012 0"><span class='ocrx_word' id='word_1_1' title='bbox 1815 585 1898 647; x_wconf 91' lang='lat'>10</span> 
     </span>
    </p>
   </div>
   <div class='ocr_carea' id='block_1_2' title="bbox 681 777 3021 865">
    <p class='ocr_par' dir='ltr' id='par_1_2' title="bbox 681 777 3021 865">
     <span class='ocr_line' id='line_1_2' title="bbox 681 777 3021 865; baseline 0.001 -25"><span class='ocrx_word' id='word_1_2' title='bbox 681 779 872 858; x_wconf 77' lang='grc' dir='ltr'>νόμον</span> <span class='ocrx_word' id='word_1_3' title='bbox 935 779 1142 862; x_wconf 73' lang='grc' dir='ltr'><strong><em>ἄρχειν</em></strong></span> <span class='ocrx_word' id='word_1_4' title='bbox 1209 781 1568 855; x_wconf 77' lang='grc' dir='ltr'><em>πάντων,</em></span> <span class='ocrx_word' id='word_1_5' title='bbox 1617 791 1772 842; x_wconf 81' lang='grc' dir='ltr'>τῶν</span> <span class='ocrx_word' id='word_1_6' title='bbox 1822 779 1900 841; x_wconf 76' lang='grc' dir='ltr'>δὲ</span> <span class='ocrx_word' id='word_1_7' title='bbox 1948 779 2125 840; x_wconf 72' lang='grc' dir='ltr'><strong>καθ’</strong></span> <span class='ocrx_word' id='word_1_8' title='bbox 2172 777 2471 843; x_wconf 68' lang='grc' dir='ltr'><em>’ἕκαστα</em></span> <span class='ocrx_word' id='word_1_9' title='bbox 2525 785 2632 853; x_wconf 79' lang='grc' dir='ltr'>τὰς</span> <span class='ocrx_word' id='word_1_10' title='bbox 2679 785 2872 865; x_wconf 77' lang='grc' dir='ltr'><strong><em>ἀρχὰς</em></strong></span> <span class='ocrx_word' id='word_1_11' title='bbox 2920 786 3021 844; x_wconf 74' lang='grc' dir='ltr'>καὶ</span> 
     </span>
    </p>
   </div>
   <div class='ocr_carea' id='block_1_3' title="bbox 683 903 1464 988">
    <p class='ocr_par' dir='ltr' id='par_1_3' title="bbox 683 903 1464 988">
     <span class='ocr_line' id='line_1_3' title="bbox 683 903 1464 988; baseline 0 -21"><span class='ocrx_word' id='word_1_12' title='bbox 683 909 794 986; x_wconf 77' lang='grc' dir='ltr'>τὴν</span> <span class='ocrx_word' id='word_1_13' title='bbox 843 903 1162 968; x_wconf 66' lang='grc' dir='ltr'><em>πολιτείαν</em></span> <span class='ocrx_word' id='word_1_14' title='bbox 1215 908 1464 988; x_wconf 70' lang='grc' dir='ltr'>κρίνειν.</span> 
     </span>
    </p>
   </div>
   <div class='ocr_carea' id='block_1_4' title="bbox 673 1153 3027 4593">
    <p class='ocr_par' dir='ltr' id='par_1_4' title="bbox 677 1153 3022 2351">
     <span class='ocr_line' id='line_1_4' title="bbox 769 1153 3021 1235; baseline 0 -17"><span class='ocrx_word' id='word_1_15' title='bbox 769 1160 805 1230; x_wconf 65' lang='grc'>5</span> <span class='ocrx_word' id='word_1_16' title='bbox 838 1155 899 1218; x_wconf 89' lang='grc'>3.</span> <span class='ocrx_word' id='word_1_17' title='bbox 951 1153 1120 1218; x_wconf 86' lang='lat' dir='ltr'>Cum</span> <span class='ocrx_word' id='word_1_18' title='bbox 1148 1155 1452 1235; x_wconf 89' lang='lat' dir='ltr'>priorum</span> <span class='ocrx_word' id='word_1_19' title='bbox 1477 1155 1986 1219; x_wconf 82' lang='lat' dir='ltr'>comoediarum</span> <span class='ocrx_word' id='word_1_20' title='bbox 2016 1154 2375 1218; x_wconf 74' lang='lat' dir='ltr'>materiem</span> <span class='ocrx_word' id='word_1_21' title='bbox 2404 1155 2733 1235; x_wconf 83' lang='lat' dir='ltr'>petiverit</span> <span class='ocrx_word' id='word_1_22' title='bbox 2760 1154 3021 1218; x_wconf 83' lang='lat' dir='ltr'>Aristo-</span> 
     </span>
     <span class='ocr_line' id='line_1_5' title="bbox 678 1278 3021 1361; baseline 0.001 -21"><span class='ocrx_word' id='word_1_23' title='bbox 678 1278 939 1357; x_wconf 81' lang='lat' dir='ltr'>phanes</span> <span class='ocrx_word' id='word_1_24' title='bbox 962 1295 1049 1342; x_wconf 84' lang='lat' dir='ltr'>ex</span> <span class='ocrx_word' id='word_1_25' title='bbox 1073 1278 1735 1343; x_wconf 83' lang='lat' dir='ltr'>commutationibus</span> <span class='ocrx_word' id='word_1_26' title='bbox 1754 1283 1964 1359; x_wconf 88' lang='lat' dir='ltr'>atque</span> <span class='ocrx_word' id='word_1_27' title='bbox 1988 1279 2642 1361; x_wconf 79' lang='lat' dir='ltr'>perturbat-ionibuS,</span> <span class='ocrx_word' id='word_1_28' title='bbox 2658 1297 2831 1358; x_wconf 88' lang='lat' dir='ltr'>quae</span> <span class='ocrx_word' id='word_1_29' title='bbox 2848 1279 3021 1344; x_wconf 91' lang='lat' dir='ltr'>bello</span> 
     </span>
     <span class='ocr_line' id='line_1_6' title="bbox 680 1401 3021 1483; baseline 0.001 -18"><span class='ocrx_word' id='word_1_30' title='bbox 680 1401 1250 1483; x_wconf 81' lang='lat' dir='ltr'>Peloponnesiaco</span> <span class='ocrx_word' id='word_1_31' title='bbox 1291 1406 1530 1466; x_wconf 87' lang='lat' dir='ltr'>exorto</span> <span class='ocrx_word' id='word_1_32' title='bbox 1566 1403 1637 1466; x_wconf 89' lang='lat' dir='ltr'>in</span> <span class='ocrx_word' id='word_1_33' title='bbox 1665 1403 1981 1466; x_wconf 87' lang='lat' dir='ltr'>civitatis</span> <span class='ocrx_word' id='word_1_34' title='bbox 2006 1404 2307 1468; x_wconf 87' lang='lat' dir='ltr'>rationes</span> <span class='ocrx_word' id='word_1_35' title='bbox 2332 1405 2740 1481; x_wconf 76' lang='lat' dir='ltr'>mentesque</span> <span class='ocrx_word' id='word_1_36' title='bbox 2765 1403 3021 1468; x_wconf 88' lang='lat' dir='ltr'>civium</span> 
     </span>
     <span class='ocr_line' id='line_1_7' title="bbox 677 1524 3022 1607; baseline 0.002 -20"><span class='ocrx_word' id='word_1_37' title='bbox 677 1524 1114 1607; x_wconf 76' lang='lat' dir='ltr'>irrepserant,</span> <span class='ocrx_word' id='word_1_38' title='bbox 1156 1527 1407 1607; x_wconf 90' lang='lat' dir='ltr'>quibus</span> <span class='ocrx_word' id='word_1_39' title='bbox 1449 1526 1954 1590; x_wconf 78' lang='lat' dir='ltr'>mutationibus</span> <span class='ocrx_word' id='word_1_40' title='bbox 1993 1529 2195 1607; x_wconf 87' lang='lat' dir='ltr'>poeta</span> <span class='ocrx_word' id='word_1_41' title='bbox 2230 1526 2635 1591; x_wconf 84' lang='lat' dir='ltr'>adulescens</span> <span class='ocrx_word' id='word_1_42' title='bbox 2674 1564 2733 1572; x_wconf 91' lang='lat'><strong>—</strong></span> <span class='ocrx_word' id='word_1_43' title='bbox 2770 1527 3022 1592; x_wconf 89' lang='lat' dir='ltr'>iudicio</span> 
     </span>
     <span class='ocr_line' id='line_1_8' title="bbox 679 1649 3021 1732; baseline 0 -19"><span class='ocrx_word' id='word_1_44' title='bbox 679 1652 750 1714; x_wconf 90' lang='lat' dir='ltr'>et</span> <span class='ocrx_word' id='word_1_45' title='bbox 791 1650 1194 1715; x_wconf 87' lang='lat' dir='ltr'>auctoritati</span> <span class='ocrx_word' id='word_1_46' title='bbox 1238 1651 1344 1714; x_wconf 92' lang='lat' dir='ltr'>sui</span> <span class='ocrx_word' id='word_1_47' title='bbox 1391 1650 1650 1715; x_wconf 87' lang='lat' dir='ltr'>ordinis</span> <span class='ocrx_word' id='word_1_48' title='bbox 1692 1649 2151 1730; x_wconf 83' lang='lat' dir='ltr'>factionisque</span> <span class='ocrx_word' id='word_1_49' title='bbox 2196 1650 2535 1715; x_wconf 85' lang='lat' dir='ltr'>obnoxius</span> <span class='ocrx_word' id='word_1_50' title='bbox 2576 1649 2625 1730; x_wconf 90' lang='lat'>1)</span> <span class='ocrx_word' id='word_1_51' title='bbox 2686 1687 2742 1696; x_wconf 83' lang='lat'>-</span> <span class='ocrx_word' id='word_1_52' title='bbox 2782 1669 3021 1732; x_wconf 87' lang='lat' dir='ltr'>parum</span> 
     </span>
     <span class='ocr_line' id='line_1_9' title="bbox 681 1773 3017 1856; baseline 0 -19"><span class='ocrx_word' id='word_1_53' title='bbox 681 1773 976 1856; x_wconf 80' lang='lat' dir='ltr'>favebat,</span> <span class='ocrx_word' id='word_1_54' title='bbox 1047 1791 1182 1838; x_wconf 90' lang='lat' dir='ltr'>non</span> <span class='ocrx_word' id='word_1_55' title='bbox 1253 1791 1841 1856; x_wconf 89' lang='lat' dir='ltr'>supervacaneum</span> <span class='ocrx_word' id='word_1_56' title='bbox 1905 1775 2102 1838; x_wconf 88' lang='lat' dir='ltr'>nobis</span> <span class='ocrx_word' id='word_1_57' title='bbox 2164 1774 2439 1840; x_wconf 86' lang='lat' dir='ltr'>videtur</span> <span class='ocrx_word' id='word_1_58' title='bbox 2502 1774 2571 1838; x_wconf 92' lang='lat' dir='ltr'>in</span> <span class='ocrx_word' id='word_1_59' title='bbox 2619 1775 3017 1839; x_wconf 89' lang='lat' dir='ltr'>memoriam</span> 
     </span>
     <span class='ocr_line' id='line_1_10' title="bbox 678 1896 3021 1977; baseline 0.001 -17"><span class='ocrx_word' id='word_1_60' title='bbox 678 1913 998 1962; x_wconf 88' lang='lat' dir='ltr'>revocare</span> <span class='ocrx_word' id='word_1_61' title='bbox 1077 1897 1500 1962; x_wconf 72' lang='lat' dir='ltr'>Tnucrmms</span> <span class='ocrx_word' id='word_1_62' title='bbox 1579 1897 2013 1961; x_wconf 77' lang='lat' dir='ltr'>notissimam</span> <span class='ocrx_word' id='word_1_63' title='bbox 2084 1896 2273 1962; x_wconf 88' lang='lat' dir='ltr'>illam</span> <span class='ocrx_word' id='word_1_64' title='bbox 2342 1897 2835 1962; x_wconf 89' lang='lat' dir='ltr'>discordiarum</span> <span class='ocrx_word' id='word_1_65' title='bbox 2903 1914 3021 1977; x_wconf 90' lang='lat' dir='ltr'>per</span> 
     </span>
     <span class='ocr_line' id='line_1_11' title="bbox 679 2019 3016 2102; baseline 0.001 -18"><span class='ocrx_word' id='word_1_66' title='bbox 679 2019 1032 2084; x_wconf 84' lang='lat' dir='ltr'>Graeciam</span> <span class='ocrx_word' id='word_1_67' title='bbox 1082 2021 1572 2086; x_wconf 86' lang='lat' dir='ltr'>intestinarum</span> <span class='ocrx_word' id='word_1_68' title='bbox 1621 2019 2147 2101; x_wconf 88' lang='lat' dir='ltr'>descriptionem</span> <span class='ocrx_word' id='word_1_69' title='bbox 2198 2020 2379 2099; x_wconf 86' lang='lat' dir='ltr'>(libri</span> <span class='ocrx_word' id='word_1_70' title='bbox 2426 2020 2526 2085; x_wconf 84' lang='lat'>111</span> <span class='ocrx_word' id='word_1_71' title='bbox 2574 2038 2629 2085; x_wconf 91' lang='lat' dir='ltr'>c.</span> <span class='ocrx_word' id='word_1_72' title='bbox 2666 2021 2750 2084; x_wconf 81' lang='grc'>82</span> <span class='ocrx_word' id='word_1_73' title='bbox 2785 2024 2857 2085; x_wconf 90' lang='lat' dir='ltr'>et</span> <span class='ocrx_word' id='word_1_74' title='bbox 2886 2021 3016 2102; x_wconf 82' lang='lat'>83),</span> 
     </span>
     <span class='ocr_line' id='line_1_12' title="bbox 679 2144 3017 2227; baseline 0 -19"><span class='ocrx_word' id='word_1_75' title='bbox 679 2144 875 2208; x_wconf 90' lang='lat' dir='ltr'>cuius</span> <span class='ocrx_word' id='word_1_76' title='bbox 933 2145 1004 2208; x_wconf 93' lang='lat' dir='ltr'>in</span> <span class='ocrx_word' id='word_1_77' title='bbox 1069 2145 1338 2210; x_wconf 83' lang='lat' dir='ltr'>laudem</span> <span class='ocrx_word' id='word_1_78' title='bbox 1395 2145 1562 2210; x_wconf 87' lang='lat' dir='ltr'>libet</span> <span class='ocrx_word' id='word_1_79' title='bbox 1631 2145 1823 2227; x_wconf 92' lang='lat' dir='ltr'>prius</span> <span class='ocrx_word' id='word_1_80' title='bbox 1871 2144 2091 2209; x_wconf 84' lang='lat' dir='ltr'>Grotii</span> <span class='ocrx_word' id='word_1_81' title='bbox 2145 2145 2531 2209; x_wconf 85' lang='lat' dir='ltr'>exscribere</span> <span class='ocrx_word' id='word_1_82' title='bbox 2588 2146 2799 2209; x_wconf 85' lang='lat' dir='ltr'>verba</span> <span class='ocrx_word' id='word_1_83' title='bbox 2845 2144 3017 2222; x_wconf 91' lang='lat' dir='ltr'>(His-</span> 
     </span>
     <span class='ocr_line' id='line_1_13' title="bbox 680 2268 2492 2351; baseline 0 -19"><span class='ocrx_word' id='word_1_84' title='bbox 680 2271 836 2350; x_wconf 88' lang='lat' dir='ltr'>tory</span> <span class='ocrx_word' id='word_1_85' title='bbox 883 2268 960 2333; x_wconf 89' lang='lat' dir='ltr'>of</span> <span class='ocrx_word' id='word_1_86' title='bbox 999 2269 1274 2351; x_wconf 82' lang='lat' dir='ltr'>Greece,</span> <span class='ocrx_word' id='word_1_87' title='bbox 1323 2269 1485 2334; x_wconf 91' lang='lat' dir='ltr'>edit.</span> <span class='ocrx_word' id='word_1_88' title='bbox 1541 2270 1710 2334; x_wconf 84' lang='lat'>1854</span> <span class='ocrx_word' id='word_1_89' title='bbox 1760 2269 1911 2334; x_wconf 89' lang='lat' dir='ltr'>Vol.</span> <span class='ocrx_word' id='word_1_90' title='bbox 1962 2269 2059 2333; x_wconf 94' lang='lat' dir='ltr'>VI</span> <span class='ocrx_word' id='word_1_91' title='bbox 2104 2285 2254 2349; x_wconf 90' lang='lat' dir='ltr'>pag.</span> <span class='ocrx_word' id='word_1_92' title='bbox 2304 2269 2492 2344; x_wconf 82' lang='lat'>278):</span> 
     </span>
    </p>

    <p class='ocr_par' dir='ltr' id='par_1_5' title="bbox 677 2393 3027 3223">
     <span class='ocr_line' id='line_1_14' title="bbox 773 2393 3018 2476; baseline 0 -20"><span class='ocrx_word' id='word_1_93' title='bbox 773 2393 954 2476; x_wconf 87' lang='lat' dir='ltr'>„The</span> <span class='ocrx_word' id='word_1_94' title='bbox 1000 2393 1284 2475; x_wconf 82' lang='lat' dir='ltr'>picture,</span> <span class='ocrx_word' id='word_1_95' title='bbox 1333 2394 1566 2458; x_wconf 85' lang='lat' dir='ltr'>drawn</span> <span class='ocrx_word' id='word_1_96' title='bbox 1610 2395 1701 2475; x_wconf 92' lang='lat' dir='ltr'>by</span> <span class='ocrx_word' id='word_1_97' title='bbox 1744 2393 2194 2476; x_wconf 56' lang='lat' dir='ltr'>Thucydides</span> <span class='ocrx_word' id='word_1_98' title='bbox 2222 2393 2289 2458; x_wconf 79' lang='lat' dir='ltr'>oi</span> <span class='ocrx_word' id='word_1_99' title='bbox 2316 2393 2532 2458; x_wconf 90' lang='lat' dir='ltr'>moral</span> <span class='ocrx_word' id='word_1_100' title='bbox 2556 2393 2685 2458; x_wconf 86' lang='lat' dir='ltr'>and</span> <span class='ocrx_word' id='word_1_101' title='bbox 2714 2393 3018 2474; x_wconf 87' lang='lat' dir='ltr'>political</span> 
     </span>
     <span class='ocr_line' id='line_1_15' title="bbox 679 2517 3019 2599; baseline 0 -18"><span class='ocrx_word' id='word_1_102' title='bbox 679 2517 928 2598; x_wconf 84' lang='lat' dir='ltr'>feeling</span> <span class='ocrx_word' id='word_1_103' title='bbox 973 2519 1188 2583; x_wconf 89' lang='lat' dir='ltr'>under</span> <span class='ocrx_word' id='word_1_104' title='bbox 1235 2520 1430 2584; x_wconf 88' lang='lat' dir='ltr'>these</span> <span class='ocrx_word' id='word_1_105' title='bbox 1474 2519 1872 2599; x_wconf 81' lang='lat' dir='ltr'>influences‚</span> <span class='ocrx_word' id='word_1_106' title='bbox 1921 2518 2060 2583; x_wconf 85' lang='lat' dir='ltr'>will</span> <span class='ocrx_word' id='word_1_107' title='bbox 2111 2535 2272 2582; x_wconf 88' lang='lat' dir='ltr'>ever</span> <span class='ocrx_word' id='word_1_108' title='bbox 2308 2519 2567 2582; x_wconf 89' lang='lat' dir='ltr'>remain</span> <span class='ocrx_word' id='word_1_109' title='bbox 2602 2518 3019 2582; x_wconf 87' lang='lat' dir='ltr'>memorable</span> 
     </span>
     <span class='ocr_line' id='line_1_16' title="bbox 679 2643 3017 2725; baseline -0 -18"><span class='ocrx_word' id='word_1_110' title='bbox 679 2660 756 2707; x_wconf 87' lang='lat' dir='ltr'>as</span> <span class='ocrx_word' id='word_1_111' title='bbox 803 2644 919 2708; x_wconf 90' lang='lat' dir='ltr'>the</span> <span class='ocrx_word' id='word_1_112' title='bbox 966 2643 1158 2708; x_wconf 87' lang='lat' dir='ltr'>work</span> <span class='ocrx_word' id='word_1_113' title='bbox 1203 2644 1275 2707; x_wconf 83' lang='lat' dir='ltr'>of</span> <span class='ocrx_word' id='word_1_114' title='bbox 1317 2661 1406 2708; x_wconf 85' lang='lat' dir='ltr'>an</span> <span class='ocrx_word' id='word_1_115' title='bbox 1453 2644 1733 2725; x_wconf 87' lang='lat' dir='ltr'>analyst</span> <span class='ocrx_word' id='word_1_116' title='bbox 1778 2643 1911 2708; x_wconf 86' lang='lat' dir='ltr'>and</span> <span class='ocrx_word' id='word_1_117' title='bbox 1959 2661 2001 2707; x_wconf 90' lang='lat' dir='ltr'>a</span> <span class='ocrx_word' id='word_1_118' title='bbox 2048 2643 2515 2724; x_wconf 87' lang='lat' dir='ltr'>philosopher:</span> <span class='ocrx_word' id='word_1_119' title='bbox 2567 2644 2651 2706; x_wconf 90' lang='lat' dir='ltr'>he</span> <span class='ocrx_word' id='word_1_120' title='bbox 2699 2643 2827 2706; x_wconf 89' lang='lat' dir='ltr'>has</span> <span class='ocrx_word' id='word_1_121' title='bbox 2870 2659 3017 2707; x_wconf 89' lang='lat' dir='ltr'>con-</span> 
     </span>
     <span class='ocr_line' id='line_1_17' title="bbox 679 2766 3027 2850; baseline -0 -19"><span class='ocrx_word' id='word_1_122' title='bbox 679 2767 912 2832; x_wconf 84' lang='lat' dir='ltr'>ceived</span> <span class='ocrx_word' id='word_1_123' title='bbox 960 2769 1092 2832; x_wconf 89' lang='lat' dir='ltr'>and</span> <span class='ocrx_word' id='word_1_124' title='bbox 1141 2768 1486 2832; x_wconf 88' lang='lat' dir='ltr'>described</span> <span class='ocrx_word' id='word_1_125' title='bbox 1537 2769 1657 2832; x_wconf 90' lang='lat' dir='ltr'>the</span> <span class='ocrx_word' id='word_1_126' title='bbox 1703 2766 2101 2850; x_wconf 86' lang='lat' dir='ltr'>perverting</span> <span class='ocrx_word' id='word_1_127' title='bbox 2147 2785 2388 2832; x_wconf 85' lang='lat' dir='ltr'>causes</span> <span class='ocrx_word' id='word_1_128' title='bbox 2433 2766 2609 2831; x_wconf 87' lang='lat' dir='ltr'>with</span> <span class='ocrx_word' id='word_1_129' title='bbox 2646 2783 2689 2830; x_wconf 87' lang='lat' dir='ltr'>a</span> <span class='ocrx_word' id='word_1_130' title='bbox 2724 2766 2929 2847; x_wconf 86' lang='lat' dir='ltr'>spirit</span> <span class='ocrx_word' id='word_1_131' title='bbox 2950 2767 3027 2830; x_wconf 87' lang='lat' dir='ltr'>of</span> 
     </span>
     <span class='ocr_line' id='line_1_18' title="bbox 677 2892 3016 2973; baseline -0.001 -16"><span class='ocrx_word' id='word_1_132' title='bbox 677 2892 1207 2972; x_wconf 71' lang='lat' dir='ltr'>generalization</span> <span class='ocrx_word' id='word_1_133' title='bbox 1274 2894 1502 2957; x_wconf 87' lang='lat' dir='ltr'>which</span> <span class='ocrx_word' id='word_1_134' title='bbox 1573 2894 1852 2957; x_wconf 85' lang='lat' dir='ltr'>renders</span> <span class='ocrx_word' id='word_1_135' title='bbox 1921 2895 2114 2957; x_wconf 87' lang='lat' dir='ltr'>these</span> <span class='ocrx_word' id='word_1_136' title='bbox 2184 2895 2324 2957; x_wconf 88' lang='lat' dir='ltr'>two</span> <span class='ocrx_word' id='word_1_137' title='bbox 2396 2893 2716 2973; x_wconf 89' lang='lat' dir='ltr'>chapters</span> <span class='ocrx_word' id='word_1_138' title='bbox 2775 2892 3016 2973; x_wconf 87' lang='lat' dir='ltr'>hardly</span> 
     </span>
     <span class='ocr_line' id='line_1_19' title="bbox 679 3016 3016 3099; baseline 0 -19"><span class='ocrx_word' id='word_1_139' title='bbox 679 3016 815 3080; x_wconf 87' lang='lat' dir='ltr'>less</span> <span class='ocrx_word' id='word_1_140' title='bbox 867 3016 1244 3099; x_wconf 90' lang='lat' dir='ltr'>applicable</span> <span class='ocrx_word' id='word_1_141' title='bbox 1291 3020 1362 3082; x_wconf 87' lang='lat' dir='ltr'>to</span> <span class='ocrx_word' id='word_1_142' title='bbox 1410 3018 1609 3082; x_wconf 89' lang='lat' dir='ltr'>other</span> <span class='ocrx_word' id='word_1_143' title='bbox 1656 3017 1957 3099; x_wconf 88' lang='lat' dir='ltr'>political</span> <span class='ocrx_word' id='word_1_144' title='bbox 2006 3018 2342 3099; x_wconf 77' lang='lat' dir='ltr'>societieS‚</span> <span class='ocrx_word' id='word_1_145' title='bbox 2392 3018 2496 3082; x_wconf 85' lang='lat' dir='ltr'>far</span> <span class='ocrx_word' id='word_1_146' title='bbox 2544 3017 2807 3081; x_wconf 85' lang='lat' dir='ltr'>distant</span> <span class='ocrx_word' id='word_1_147' title='bbox 2853 3018 3016 3082; x_wconf 88' lang='lat' dir='ltr'>both</span> 
     </span>
     <span class='ocr_line' id='line_1_20' title="bbox 678 3141 1448 3223; baseline 0.003 -19"><span class='ocrx_word' id='word_1_148' title='bbox 678 3141 749 3205; x_wconf 90' lang='lat' dir='ltr'>in</span> <span class='ocrx_word' id='word_1_149' title='bbox 798 3142 968 3205; x_wconf 91' lang='lat' dir='ltr'>time</span> <span class='ocrx_word' id='word_1_150' title='bbox 1014 3142 1144 3206; x_wconf 90' lang='lat' dir='ltr'>and</span> <span class='ocrx_word' id='word_1_151' title='bbox 1193 3142 1448 3223; x_wconf 89' lang='lat' dir='ltr'>place’&#39;.</span> 
     </span>
    </p>

    <p class='ocr_par' dir='ltr' id='par_1_6' title="bbox 676 3264 3016 3968">
     <span class='ocr_line' id='line_1_21' title="bbox 767 3264 3016 3348; baseline -0.001 -18"><span class='ocrx_word' id='word_1_152' title='bbox 767 3266 983 3345; x_wconf 81' lang='lat' dir='ltr'>Quam</span> <span class='ocrx_word' id='word_1_153' title='bbox 1031 3284 1270 3348; x_wconf 86' lang='lat' dir='ltr'>parum</span> <span class='ocrx_word' id='word_1_154' title='bbox 1319 3284 1362 3329; x_wconf 90' lang='lat' dir='ltr'>a</span> <span class='ocrx_word' id='word_1_155' title='bbox 1411 3267 1824 3348; x_wconf 87' lang='lat' dir='ltr'>Thucydidis</span> <span class='ocrx_word' id='word_1_156' title='bbox 1869 3266 2117 3330; x_wconf 87' lang='lat' dir='ltr'>iudicio</span> <span class='ocrx_word' id='word_1_157' title='bbox 2166 3266 2378 3331; x_wconf 79' lang='lat' dir='ltr'>distet</span> <span class='ocrx_word' id='word_1_158' title='bbox 2416 3264 2900 3346; x_wconf 84' lang='lat' dir='ltr'>Aristophanis</span> <span class='ocrx_word' id='word_1_159' title='bbox 2937 3264 3016 3328; x_wconf 86' lang='lat' dir='ltr'>de</span> 
     </span>
     <span class='ocr_line' id='line_1_22' title="bbox 677 3389 3014 3472; baseline 0 -19"><span class='ocrx_word' id='word_1_160' title='bbox 677 3389 1024 3471; x_wconf 88' lang='lat' dir='ltr'>republica</span> <span class='ocrx_word' id='word_1_161' title='bbox 1108 3390 1336 3471; x_wconf 89' lang='lat' dir='ltr'>opinio</span> <span class='ocrx_word' id='word_1_162' title='bbox 1406 3391 1641 3472; x_wconf 88' lang='lat' dir='ltr'>paucis</span> <span class='ocrx_word' id='word_1_163' title='bbox 1701 3390 2040 3472; x_wconf 78' lang='lat' dir='ltr'>exemplis</span> <span class='ocrx_word' id='word_1_164' title='bbox 2101 3392 2571 3456; x_wconf 86' lang='lat' dir='ltr'>demonstrare</span> <span class='ocrx_word' id='word_1_165' title='bbox 2634 3390 2803 3455; x_wconf 88' lang='lat' dir='ltr'>satis</span> <span class='ocrx_word' id='word_1_166' title='bbox 2862 3390 3014 3453; x_wconf 88' lang='lat' dir='ltr'>erit.</span> 
     </span>
     <span class='ocr_line' id='line_1_23' title="bbox 681 3512 3015 3596; baseline -0 -19"><span class='ocrx_word' id='word_1_167' title='bbox 681 3514 870 3579; x_wconf 87' lang='lat' dir='ltr'>Licet</span> <span class='ocrx_word' id='word_1_168' title='bbox 900 3515 1105 3596; x_wconf 79' lang='lat' dir='ltr'>enim,</span> <span class='ocrx_word' id='word_1_169' title='bbox 1141 3519 1222 3580; x_wconf 89' lang='lat' dir='ltr'>ut</span> <span class='ocrx_word' id='word_1_170' title='bbox 1254 3515 1386 3579; x_wconf 91' lang='lat' dir='ltr'>iam</span> <span class='ocrx_word' id='word_1_171' title='bbox 1421 3515 2043 3580; x_wconf 88' lang='lat' dir='ltr'>animadvertimus</span> <span class='ocrx_word' id='word_1_172' title='bbox 2073 3520 2135 3592; x_wconf 58' lang='grc' dir='ltr'>(ὅ</span> <span class='ocrx_word' id='word_1_173' title='bbox 2174 3520 2231 3596; x_wconf 81' lang='lat'>1,</span> <span class='ocrx_word' id='word_1_174' title='bbox 2257 3530 2404 3595; x_wconf 81' lang='lat' dir='ltr'>pag.</span> <span class='ocrx_word' id='word_1_175' title='bbox 2432 3516 2514 3596; x_wconf 79' lang='lat'>6),</span> <span class='ocrx_word' id='word_1_176' title='bbox 2544 3518 2743 3595; x_wconf 86' lang='lat' dir='ltr'>poeta</span> <span class='ocrx_word' id='word_1_177' title='bbox 2766 3512 3015 3578; x_wconf 90' lang='lat' dir='ltr'>scaeni-</span> 
     </span>
     <span class='ocr_line' id='line_1_24' title="bbox 679 3636 3015 3721; baseline -0.002 -18"><span class='ocrx_word' id='word_1_178' title='bbox 679 3656 802 3703; x_wconf 90' lang='lat' dir='ltr'>cus</span> <span class='ocrx_word' id='word_1_179' title='bbox 847 3656 1019 3719; x_wconf 89' lang='lat' dir='ltr'>pone</span> <span class='ocrx_word' id='word_1_180' title='bbox 1065 3640 1362 3719; x_wconf 82' lang='lat' dir='ltr'>tragicas</span> <span class='ocrx_word' id='word_1_181' title='bbox 1409 3638 1518 3703; x_wconf 87' lang='lat' dir='ltr'>vel</span> <span class='ocrx_word' id='word_1_182' title='bbox 1566 3639 1862 3703; x_wconf 86' lang='lat' dir='ltr'>comicas</span> <span class='ocrx_word' id='word_1_183' title='bbox 1907 3639 2369 3721; x_wconf 87' lang='lat' dir='ltr'>oppositiones</span> <span class='ocrx_word' id='word_1_184' title='bbox 2416 3638 2633 3702; x_wconf 89' lang='lat' dir='ltr'>soleat</span> <span class='ocrx_word' id='word_1_185' title='bbox 2675 3636 3015 3717; x_wconf 76' lang='lat' dir='ltr'>abscondi,</span> 
     </span>
     <span class='ocr_line' id='line_1_25' title="bbox 678 3760 3013 3843; baseline -0 -17"><span class='ocrx_word' id='word_1_186' title='bbox 678 3766 910 3827; x_wconf 87' lang='lat' dir='ltr'>tamen</span> <span class='ocrx_word' id='word_1_187' title='bbox 927 3781 1014 3827; x_wconf 82' lang='lat' dir='ltr'>ex</span> <span class='ocrx_word' id='word_1_188' title='bbox 1033 3766 1178 3827; x_wconf 87' lang='lat' dir='ltr'>toto</span> <span class='ocrx_word' id='word_1_189' title='bbox 1196 3763 1465 3828; x_wconf 82' lang='lat' dir='ltr'>fabulae</span> <span class='ocrx_word' id='word_1_190' title='bbox 1483 3762 1777 3827; x_wconf 84' lang='lat' dir='ltr'>alicuius</span> <span class='ocrx_word' id='word_1_191' title='bbox 1796 3763 2141 3843; x_wconf 88' lang='lat' dir='ltr'>proposito</span> <span class='ocrx_word' id='word_1_192' title='bbox 2160 3762 2554 3842; x_wconf 86' lang='lat' dir='ltr'>saepissime</span> <span class='ocrx_word' id='word_1_193' title='bbox 2574 3760 2751 3825; x_wconf 87' lang='lat' dir='ltr'>effici</span> <span class='ocrx_word' id='word_1_194' title='bbox 2767 3764 3013 3842; x_wconf 81' lang='lat' dir='ltr'>potest,</span> 
     </span>
     <span class='ocr_line' id='line_1_26' title="bbox 676 3884 3012 3968; baseline -0 -19"><span class='ocrx_word' id='word_1_195' title='bbox 676 3886 834 3965; x_wconf 90' lang='lat' dir='ltr'>quid</span> <span class='ocrx_word' id='word_1_196' title='bbox 885 3888 1153 3967; x_wconf 86' lang='lat' dir='ltr'>spectet</span> <span class='ocrx_word' id='word_1_197' title='bbox 1201 3890 1401 3968; x_wconf 88' lang='lat' dir='ltr'>poeta</span> <span class='ocrx_word' id='word_1_198' title='bbox 1447 3889 1519 3951; x_wconf 91' lang='lat' dir='ltr'>et</span> <span class='ocrx_word' id='word_1_199' title='bbox 1557 3904 1895 3966; x_wconf 88' lang='lat' dir='ltr'>quaenam</span> <span class='ocrx_word' id='word_1_200' title='bbox 1938 3887 2019 3951; x_wconf 86' lang='lat' dir='ltr'>de</span> <span class='ocrx_word' id='word_1_201' title='bbox 2058 3887 2289 3966; x_wconf 88' lang='lat' dir='ltr'>aliqua</span> <span class='ocrx_word' id='word_1_202' title='bbox 2329 3903 2400 3950; x_wconf 88' lang='lat' dir='ltr'>re</span> <span class='ocrx_word' id='word_1_203' title='bbox 2442 3885 2535 3950; x_wconf 91' lang='lat' dir='ltr'>sit</span> <span class='ocrx_word' id='word_1_204' title='bbox 2577 3885 2727 3950; x_wconf 90' lang='lat' dir='ltr'>eius</span> <span class='ocrx_word' id='word_1_205' title='bbox 2764 3884 3012 3965; x_wconf 81' lang='lat' dir='ltr'>opinio,</span> 
     </span>
    </p>

    <p class='ocr_par' dir='ltr' id='par_1_7' title="bbox 673 4008 3015 4593">
     <span class='ocr_line' id='line_1_27' title="bbox 769 4008 3015 4095; baseline -0 -22"><span class='ocrx_word' id='word_1_206' title='bbox 769 4011 890 4095; x_wconf 80' lang='lat' dir='ltr'>„In</span> <span class='ocrx_word' id='word_1_207' title='bbox 935 4030 1103 4093; x_wconf 76' lang='lat' dir='ltr'>pace</span> <span class='ocrx_word' id='word_1_208' title='bbox 1148 4014 1220 4075; x_wconf 89' lang='lat' dir='ltr'>et</span> <span class='ocrx_word' id='word_1_209' title='bbox 1267 4011 1668 4076; x_wconf 88' lang='lat' dir='ltr'>florentibus</span> <span class='ocrx_word' id='word_1_210' title='bbox 1713 4012 1961 4075; x_wconf 87' lang='lat' dir='ltr'>rebus&#39;’</span> <span class='ocrx_word' id='word_1_211' title='bbox 2014 4047 2095 4055; x_wconf 95' lang='lat'><strong>—</strong></span> <span class='ocrx_word' id='word_1_212' title='bbox 2142 4011 2240 4074; x_wconf 89' lang='lat' dir='ltr'>sic</span> <span class='ocrx_word' id='word_1_213' title='bbox 2288 4010 2716 4092; x_wconf 86' lang='lat' dir='ltr'>Thucydides</span> <span class='ocrx_word' id='word_1_214' title='bbox 2772 4045 2853 4053; x_wconf 95' lang='lat'><strong>—</strong></span> <span class='ocrx_word' id='word_1_215' title='bbox 2906 4008 3015 4093; x_wconf 76' lang='lat' dir='ltr'>„et</span> 
     </span>
     <span class='ocr_line' id='line_1_28' title="bbox 675 4132 3012 4217; baseline -0.002 -18"><span class='ocrx_word' id='word_1_216' title='bbox 675 4135 997 4199; x_wconf 88' lang='lat' dir='ltr'>civitates</span> <span class='ocrx_word' id='word_1_217' title='bbox 1079 4136 1150 4199; x_wconf 79' lang='lat' dir='ltr'>et</span> <span class='ocrx_word' id='word_1_218' title='bbox 1211 4136 1523 4201; x_wconf 90' lang='lat' dir='ltr'>homines</span> <span class='ocrx_word' id='word_1_219' title='bbox 1584 4135 1838 4217; x_wconf 89' lang='lat' dir='ltr'>privati</span> <span class='ocrx_word' id='word_1_220' title='bbox 1900 4135 2295 4199; x_wconf 89' lang='lat' dir='ltr'>melioribus</span> <span class='ocrx_word' id='word_1_221' title='bbox 2356 4137 2652 4199; x_wconf 86' lang='lat' dir='ltr'>utuntur</span> <span class='ocrx_word' id='word_1_222' title='bbox 2709 4132 3012 4198; x_wconf 90' lang='lat' dir='ltr'>consiliis</span> 
     </span>
     <span class='ocr_line' id='line_1_29' title="bbox 675 4259 3013 4345; baseline -0.001 -23"><span class='ocrx_word' id='word_1_223' title='bbox 675 4262 759 4341; x_wconf 71' lang='grc' dir='ltr'>(ἓν</span> <span class='ocrx_word' id='word_1_224' title='bbox 822 4262 933 4341; x_wconf 69' lang='grc' dir='ltr'>μὲν</span> <span class='ocrx_word' id='word_1_225' title='bbox 995 4265 1116 4341; x_wconf 75' lang='grc' dir='ltr'>γὰρ</span> <span class='ocrx_word' id='word_1_226' title='bbox 1177 4264 1387 4345; x_wconf 69' lang='grc' dir='ltr'><em>εἷρήνῃ</em></span> <span class='ocrx_word' id='word_1_227' title='bbox 1446 4265 1548 4323; x_wconf 82' lang='grc' dir='ltr'>καὶ</span> <span class='ocrx_word' id='word_1_228' title='bbox 1598 4264 1867 4338; x_wconf 70' lang='grc' dir='ltr'><strong><em>ἀγαθοῖς</em></strong></span> <span class='ocrx_word' id='word_1_229' title='bbox 1916 4263 2274 4341; x_wconf 77' lang='grc' dir='ltr'><em>πράγμασιν</em></span> <span class='ocrx_word' id='word_1_230' title='bbox 2322 4260 2393 4323; x_wconf 73' lang='grc' dir='ltr'>αἳ</span> <span class='ocrx_word' id='word_1_231' title='bbox 2439 4286 2499 4323; x_wconf 66' lang='grc' dir='ltr'>τε</span> <span class='ocrx_word' id='word_1_232' title='bbox 2548 4259 2755 4331; x_wconf 62' lang='grc' dir='ltr'><strong><em>πόλεις</em></strong></span> <span class='ocrx_word' id='word_1_233' title='bbox 2803 4263 2905 4321; x_wconf 74' lang='grc' dir='ltr'>καὶ</span> <span class='ocrx_word' id='word_1_234' title='bbox 2954 4261 3013 4320; x_wconf 76' lang='grc' dir='ltr'>οἱ</span> 
     </span>
     <span class='ocr_line' id='line_1_30' title="bbox 676 4385 3013 4470; baseline 0 -23"><span class='ocrx_word' id='word_1_235' title='bbox 676 4385 920 4447; x_wconf 76' lang='grc' dir='ltr'><strong><em>ἰδιῶται</em></strong></span> <span class='ocrx_word' id='word_1_236' title='bbox 981 4388 1272 4466; x_wconf 76' lang='grc' dir='ltr'>ἀμείνους</span> <span class='ocrx_word' id='word_1_237' title='bbox 1335 4388 1442 4459; x_wconf 76' lang='grc' dir='ltr'>τὰς</span> <span class='ocrx_word' id='word_1_238' title='bbox 1504 4390 1761 4466; x_wconf 78' lang='grc' dir='ltr'><em>γνώμα,-</em></span> <span class='ocrx_word' id='word_1_239' title='bbox 1823 4386 2075 4470; x_wconf 74' lang='grc' dir='ltr'>ἕχουσι),</span> <span class='ocrx_word' id='word_1_240' title='bbox 2126 4385 2287 4464; x_wconf 83' lang='lat' dir='ltr'>quia</span> <span class='ocrx_word' id='word_1_241' title='bbox 2336 4385 2729 4449; x_wconf 67' lang='lat' dir='ltr'>necessitati</span> <span class='ocrx_word' id='word_1_242' title='bbox 2777 4400 3013 4464; x_wconf 74' lang='lat' dir='ltr'>parere</span> 
     </span>
     <span class='ocr_line' id='line_1_31' title="bbox 673 4484 3013 4593; baseline 0.001 -23"><span class='ocrx_word' id='word_1_243' title='bbox 673 4526 752 4573; x_wconf 69' lang='lat' dir='ltr'>:rc</span> <span class='ocrx_word' id='word_1_244' title='bbox 821 4512 1112 4591; x_wconf 90' lang='lat' dir='ltr'>tempori</span> <span class='ocrx_word' id='word_1_245' title='bbox 1182 4511 1415 4576; x_wconf 87' lang='lat' dir='ltr'>cedere</span> <span class='ocrx_word' id='word_1_246' title='bbox 1484 4528 1618 4576; x_wconf 91' lang='lat' dir='ltr'>non</span> <span class='ocrx_word' id='word_1_247' title='bbox 1688 4514 2027 4590; x_wconf 85' lang='lat' dir='ltr'>coguntur</span> <span class='ocrx_word' id='word_1_248' title='bbox 2092 4511 2221 4587; x_wconf 80' lang='grc' dir='ltr'>(διὰ</span> <span class='ocrx_word' id='word_1_249' title='bbox 2284 4484 2353 4573; x_wconf 65' lang='grc' dir='ltr'>τό</span> <span class='ocrx_word' id='word_1_250' title='bbox 2419 4515 2503 4593; x_wconf 84' lang='grc' dir='ltr'>μὴ</span> <span class='ocrx_word' id='word_1_251' title='bbox 2574 4512 2633 4583; x_wconf 64' lang='grc' dir='ltr'>ἐς</span> <span class='ocrx_word' id='word_1_252' title='bbox 2680 4510 3013 4580; x_wconf 76' lang='grc' dir='ltr'><strong><em>ἀκουσίους</em></strong></span> 
     </span>
    </p>
   </div>
   <div class='ocr_carea' id='block_1_5' title="bbox 699 4764 2547 4845">
    <p class='ocr_par' dir='ltr' id='par_1_8' title="bbox 699 4764 2547 4845">
     <span class='ocr_line' id='line_1_32' title="bbox 699 4764 2547 4845; baseline -0.001 -24"><span class='ocrx_word' id='word_1_253' title='bbox 699 4830 704 4835; x_wconf 41' lang='grc'>,</span> <span class='ocrx_word' id='word_1_254' title='bbox 753 4765 800 4842; x_wconf 86' lang='grc'>1)</span> <span class='ocrx_word' id='word_1_255' title='bbox 842 4764 1041 4821; x_wconf 88' lang='lat' dir='ltr'>Huius</span> <span class='ocrx_word' id='word_1_256' title='bbox 1082 4765 1452 4841; x_wconf 86' lang='lat' dir='ltr'>pronuntiati</span> <span class='ocrx_word' id='word_1_257' title='bbox 1493 4764 1812 4825; x_wconf 82' lang='lat' dir='ltr'>illustratio</span> <span class='ocrx_word' id='word_1_258' title='bbox 1856 4766 2116 4825; x_wconf 84' lang='lat' dir='ltr'>occurrit</span> <span class='ocrx_word' id='word_1_259' title='bbox 2158 4786 2293 4845; x_wconf 82' lang='lat' dir='ltr'>pag.</span> <span class='ocrx_word' id='word_1_260' title='bbox 2339 4768 2417 4825; x_wconf 81' lang='lat'>20</span> <span class='ocrx_word' id='word_1_261' title='bbox 2459 4785 2547 4842; x_wconf 86' lang='lat' dir='ltr'>sq.</span> 
     </span>
    </p>
   </div>
  </div>
 </body>
</html>
