3478 5737
1882 580 2005 643 148

861 772 1119 838 Doctus
1177 778 1292 857 τὴν
1355 770 1722 856 καρδόπην
1784 772 2149 837 dicendum
2214 788 2375 837 esse·
2411 776 2510 853 ut,
2558 788 2617 836 e.
2665 788 2761 851 gr.
2810 776 2923 854 τὴν
2971 778 3121 835 Σω-

772 900 1039 982 στράτην
1089 899 1147 963 si
1194 898 1385 981 dicis,
1434 898 1693 979 optime
1742 896 2001 960 indicas
2048 896 2416 961 femineam
2466 896 2750 961 huiusce
2775 900 3121 977 naturam,

770 1023 932 1088 licet
988 1039 1119 1089 non
1172 1023 1406 1089 videat
1451 1037 1562 1104 τῆς
1607 1021 1933 1105 καρδόπου
1980 1020 2279 1085 indolem
2328 1020 2817 1103 effeminatam,
2865 1026 3121 1103 tamen,

771 1165 927 1212 cum
996 1164 1070 1213 se
1138 1165 1418 1229 prorsus
1477 1148 1652 1213 nihil
1713 1147 2123 1227 intellegere.
2178 1145 2481 1227 profiteri
2544 1163 2680 1211 non
2742 1145 2991 1211 audeat
3036 1147 3125 1209 ob

773 1272 1085 1353 magistri
1148 1273 1616 1355 severitatem,
1679 1275 2039 1352 tamquam
2101 1269 2481 1351 discipulus
2526 1274 2853 1335 strenuus
2897 1272 3126 1334 atten-

773 1398 1026 1478 tusque
1131 1412 1267 1460 non
1368 1396 1724 1462 intellecta
1818 1394 2189 1460 memoriae
2282 1394 2717 1459 committere
2808 1392 3127 1459 instituit

773 1536 1142 1600 secumque
1249 1519 1394 1585 alta
1482 1536 1648 1585 voce
1739 1520 2031 1601 repetit:
2124 1520 2318 1582 ἐκεῖνο
2410 1514 2547 1601 δ’ἧν
2640 1518 2719 1583 ἂν
2813 1517 3125 1603 καρδόπη,

771 1640 1115 1723 simulque
1177 1662 1301 1725 pro
1363 1661 1488 1709 sua
1549 1644 1863 1709 stultitia
1908 1642 2020 1708 vel
2066 1643 2281 1707 animi
2329 1642 2874 1725 perturbationis
2920 1660 3129 1708 causa

772 1768 848 1831 in
937 1784 1197 1833 novum
1271 1768 1514 1834 incidit
1589 1768 1865 1850 vitium,
1942 1766 2317 1852 Κλεωνύμη,
2400 1768 2599 1847 quasi
2677 1767 2937 1833 femina
3010 1768 3127 1848 sit,

774 1889 1078 1955 dicendo.
1117 1889 1167 1967 1)

865 2014 1234 2096 Sequentis
1296 2032 1540 2081 versus
1602 2016 1783 2098 (681)
1830 2031 2109 2079 sensum
2161 2015 2423 2079 huncce
2468 2017 2673 2095 puto:
2728 2013 3134 2098 „nominum

773 2144 890 2217 (sc.
954 2140 1575 2219 substantivorum)
1638 2156 1891 2221 genera
1949 2140 2244 2205 nondum
2302 2139 2472 2203 satis
2517 2137 2931 2219 intellegis,”
2980 2138 3133 2201 vel:

780 2280 991 2347 „opus
1036 2264 1146 2327 est
1192 2267 1272 2328 ut
1317 2280 1398 2329 ea
1439 2265 1676 2329 melius
1720 2262 2095 2329 addiscas?
2165 2262 2508 2327 Benevole
2554 2262 2761 2343 enim,
2812 2266 2891 2326 ut
2936 2261 3138 2326 decet

776 2388 1210 2470 magistrum,
1296 2387 1613 2453 Socrates
1696 2386 2110 2469 discipulum
2193 2385 2587 2465 alloquitur.
2696 2384 3138 2467 spectatores

774 2514 1011 2576 autem
1103 2528 1191 2576 ex
1275 2512 1517 2576 rustici
1603 2512 1858 2577 habitu·
1941 2510 2253 2591 gestibus
2344 2510 2691 2590 responsis
2780 2510 2921 2573 iam
3014 2508 3137 2573 diu

777 2635 1153 2701 effecerunt
1233 2652 1394 2701 eum
1477 2636 1758 2701 omnino
1842 2620 2016 2699 nihil
2086 2632 2537 2716 intellexisse,
2608 2637 2899 2715 excepta
2966 2649 3141 2698 voce

781 2759 1212 2844 ἀλεκτρύαινα.
1297 2760 1441 2825 Iam
1508 2776 1743 2825 vocem
1807 2756 2091 2839 ὀνόματα
2153 2774 2514 2840 perperam
2574 2758 2866 2840 accipit;
2930 2760 3143 2839 putat

781 2885 967 2950 enim
1007 2886 1310 2950 virorum
1350 2887 1423 2950 et
1462 2884 1829 2950 mulierum
1866 2886 2139 2950 nomina
2174 2881 2481 2980 (ὀνόματα
2518 2885 2563 2948 i.
2596 2899 2655 2948 e.
2688 2882 3142 2965 appellativa)

784 3009 962 3074 velle
1007 3011 1440 3092 magistrum,
1481 3011 1696 3089 utque
1734 3009 2055 3074 ostendat
2090 3026 2165 3073 se
2203 3009 2462 3091 optime
2494 3007 2851 3072 hominurn
2884 3024 3145 3087 genera

781 3132 1200 3214 intellegere,
1249 3133 1564 3197 nominat
1599 3132 1670 3197 et
1709 3132 2076 3198 mulierum
2116 3132 2282 3214 (sint
2316 3131 2732 3214 meretriceS,
2766 3135 2847 3196 ut
2876 3130 3145 3195 scholia

783 3256 1166 3338 perhibent,
1229 3273 1349 3336 per
1395 3274 1504 3321 me
1550 3257 1734 3336 licet)
1782 3257 1853 3321 et
1898 3256 2207 3321 virorum
2250 3256 2613 3320 nominum
2662 3255 2935 3320 seriem.
3008 3254 3147 3319 Ite-

785 3397 939 3444 rum
1009 3382 1248 3445 autem
1315 3380 1546 3445 animo
1617 3383 2090 3461 conturbatur,
2162 3397 2318 3445 curn
2386 3379 2581 3444 audit
2651 3379 3145 3462 philosophum

785 3504 1008 3568 dicere
1070 3520 1244 3584 quae
1307 3507 1797 3569 commemoret
1861 3520 1998 3569 non
2060 3521 2211 3569 esse
2271 3506 2515 3588 ἄρρενα.
2586 3502 2761 3569 Vult
2812 3502 3150 3568 videlicet

785 3629 1069 3693 nomina
1150 3628 1497 3709 magister,
1573 3629 1743 3694 dicit
1810 3631 2046 3694 autem
2111 3629 2593 3709 ambiguitatis
2658 3646 2864 3694 causa
2934 3631 3149 3693 ταῦτά

786 3779 870 3833 γε.
945 3753 1195 3834 Lepide
1255 3756 1489 3819 autem
1555 3756 1751 3833 rogat
1800 3753 2230 3820 rusticellus:
2281 3759 2392 3819 οὐκ
2440 3755 2645 3838 ἄρρεν’
2692 3759 2885 3835 ὑμῖν
2932 3757 3107 3820 ἐστιν
3128 3781 3153 3830 ,·

788 3875 984 3955 (688).
1072 3877 1603 3958 Argumentum,
1670 3893 1803 3957 quo
1867 3894 2049 3942 nunc
2113 3879 2337 3945 utitur
2398 3879 2737 3962 SocrateS,
2800 3878 3150 3945 disertum

789 3999 1292 4079 spectatoribus
1359 4003 1468 4064 est
1532 3999 1886 4083 indicium,
1957 4017 2118 4065 eum
2190 4001 2476 4066 minime
2546 4001 2721 4067 serio
2786 4000 3149 4068 hominem

789 4124 1070 4187 brutum
1159 4122 1419 4205 docere,
1505 4123 1622 4187 sed
1705 4123 1989 4188 huiusce
2058 4124 2435 4189 stultitiam
2507 4125 2755 4190 habere
2823 4125 3151 4192 ludibri0.

791 4245 1010 4325 Rogat
1095 4247 1282 4310 enim
1355 4247 1706 4311 Socrates:
1780 4247 2155 4330 „quomodo
2218 4265 2420 4313 voces
2484 4249 2879 4331 Amyniam,
2944 4249 3005 4314 si
3074 4251 3151 4315 in

792 4387 950 4434 eum
997 4369 1261 4434 incidas
1279 4371 1357 4435 ?”
1405 4408 1466 4415 —
1510 4371 1855 4435 Dixerim:
1902 4372 2115 4456 „heus
2146 4375 2244 4455 tu,
2280 4373 2663 4454 Amynia!”
2710 4411 2771 4418 —-
2819 4376 3154 4461 ,,Ὁρᾷς,·”

795 4494 1156 4575 respondet
1204 4493 1541 4579 Socrates,
1596 4511 1909 4581 »γυναῖκα
1956 4503 2067 4578 τὴν
2116 4495 2447 4580 Ἀμυνίαν
2496 4496 2769 4572 καλεῖς.”
2827 4499 2915 4564 Se
2960 4500 3156 4566 Colli-

875 4747 924 4825 l)
965 4747 1162 4807 Video
1203 4748 1505 4806 Kockium
1550 4750 1761 4810 eodem
1802 4752 1977 4811 modo
2019 4753 2176 4811 hunc
2218 4773 2459 4813 versum
2498 4774 2630 4814 esse
2654 4756 3159 4832 interpretatum.
