3478 5737
1531 598 1618 661 95

405 790 518 869 γάρ
588 811 650 850 σε
718 790 869 868 φασὶ
937 794 1351 873 γεωμετρεῖν),
1423 790 1624 855 facile
1693 790 2167 870 intellegimus
2234 791 2586 859 Socratem
2651 795 2751 859 nil

407 911 630 977 acerbi
693 912 1012 995 sensisse,
1076 915 1190 979 sed
1254 915 1341 979 ob
1403 914 1531 979 ioci
1587 915 2094 981 absurditatem
2140 916 2397 981 iterum
2445 919 2753 999 potuisse

407 1036 779 1101 subridere.

491 1160 762 1225 Priores
808 1165 954 1227 tres
999 1162 1311 1253 facetiae,
1359 1198 1421 1207 -·-
1463 1162 1547 1228 de
1585 1161 1851 1246 ψυλλῶν
1890 1162 2283 1247 πηόημάτων
2322 1168 2625 1248 μετρήσει,
2663 1167 2749 1232 de

405 1284 696 1350 culicum
767 1290 999 1369 cantu,
1070 1288 1154 1352 de
1221 1286 1680 1375 ἀσκαλαβώτου
1742 1288 2085 1368 (γαλεώτου
2152 1290 2199 1354 i.
2264 1306 2321 1354 e.
2384 1291 2751 1367 stellionis)

402 1409 582 1473 facto
661 1410 1144 1493 inverecundO,
1207 1450 1268 1459 -
1325 1430 1405 1477 eo
1475 1414 1623 1495 ipso
1691 1414 1881 1479 omni
1948 1413 2019 1479 in
2092 1413 2443 1479 Socratem
2512 1419 2751 1480 carent

402 1534 791 1617 acerbitate,
841 1535 1020 1615 quod
1068 1537 1136 1600 in
1187 1552 1429 1601 omnes
1466 1538 1777 1603 omnium
1816 1542 2205 1620 temporum
2244 1538 2501 1604 cadunt
2538 1539 2747 1621 philo·

403 1660 649 1738 sophos
733 1659 1056 1740 virosque
1125 1661 1378 1743 doctoS,
1450 1662 1568 1742 qui
1638 1663 2171 1743 cogitationibus
2240 1679 2314 1727 se
2383 1663 2543 1727 dare
2604 1664 2751 1728 sint

401 1782 656 1847 assueti
723 1786 795 1847 et
865 1785 1040 1849 hanc
1107 1786 1192 1850 ob
1255 1802 1400 1851 rem
1465 1786 1896 1851 subtilitates
1957 1803 2089 1851 non
2156 1803 2427 1868 semper
2486 1787 2749 1851 evitare

409 1906 678 1970 valeant
751 1924 972 1988 neque
1041 1910 1398 1974 attendere
1467 1910 1675 1974 simul
1737 1910 2006 1975 soleant
2065 1910 2149 1975 ad
2213 1928 2323 1975 res
2383 1911 2575 1975 alias.
2646 1912 2749 1975 Ex

403 2030 792 2095 huiusmodi
874 2032 1146 2097 facetiis
1228 2049 1630 2115 cognoscere
1699 2034 1863 2099 licet
1931 2035 2075 2099 vim
2144 2034 2500 2117 comicam,
2573 2052 2747 2115 quae

405 2155 942 2235 uniuscuiusque
991 2158 1088 2221 rei
1135 2162 1402 2239 partem
1451 2159 1722 2238 quaerit
1760 2158 2075 2229 debilem,
2115 2158 2311 2222 cuius
2348 2176 2503 2223 cum
2546 2176 2747 2223 nemo

399 2278 588 2343 nulla
650 2280 719 2344 in
783 2296 856 2345 re
920 2282 1048 2346 sibi
1113 2282 1208 2347 sit
1255 2283 1528 2347 nescius
1573 2300 1694 2364 per
1742 2300 1814 2347 se
1860 2282 2285 2362 intellegitur
2330 2282 2503 2347 talia
2548 2283 2748 2347 facile

395 2402 734 2485 excusari,
797 2404 1164 2470 dummodo
1227 2407 1371 2472 sint
1431 2408 1650 2471 facete
1711 2406 2020 2471 inventa.
2092 2406 2279 2487 Quod
2342 2406 2745 2488 plerumque

395 2526 730 2607 imagines
797 2528 986 2594 illius
1055 2531 1272 2611 partis
1332 2530 1598 2611 debilia,
1669 2531 1945 2595 nonnisi
2008 2532 2079 2595 in
2144 2530 2339 2611 peius
2398 2530 2621 2614 pictae
2664 2548 2745 2595 ac

396 2650 749 2732 distortae,
819 2652 1036 2719 risum
1107 2669 1384 2719 movere
1450 2658 1763 2737 possunt,
1832 2656 2261 2736 spectatores
2304 2653 2745 2719 auditor-esve

395 2791 530 2839 non
585 2776 784 2839 facile
831 2777 1287 2859 adducuntur,
1339 2782 1416 2842 ut
1462 2778 1881 2859 depravatas
1928 2778 2081 2842 illas
2128 2778 2463 2858 imagines
2510 2778 2742 2843 existi·

395 2904 587 2964 ment
631 2918 835 2972 veras
879 2906 1415 2985 contemptuque
1459 2903 1720 2984 dignas.

484 3025 896 3090 Accuratius
978 3026 1174 3092 nobis
1253 3026 1624 3091 videndum
1693 3029 1804 3091 est
1870 3026 1951 3091 de
2020 3027 2249 3106 quarti
2317 3026 2589 3091 inventi
2670 3063 2731 3072 —-

397 3147 798 3213 vestimenti
844 3152 970 3214 aut
1016 3149 1244 3214 carnis
1289 3151 1742 3232 surreptionis
1802 3185 1865 3195 --
1922 3149 2245 3214 stultitia.

483 3270 676 3336 Licet
759 3273 910 3338 sine
987 3273 1191 3338 dubio
1262 3274 1468 3338 huius
1537 3272 2093 3338 narratiunculae
2164 3275 2539 3337 contextus
2606 3289 2741 3338 non

389 3399 662 3460 constet
710 3397 996 3476 ideoque
1043 3397 1525 3494 interpretatio
1570 3397 1979 3478 suspicionis
2026 3400 2301 3462 tantum
2338 3397 2561 3461 instar
2590 3414 2743 3460 esse

389 3521 628 3602 possit,
689 3525 926 3586 tamen
977 3523 1165 3587 nullo
1215 3523 1414 3587 modo
1461 3523 1761 3588 dubitari
1810 3539 2009 3602 posse
2056 3521 2349 3586 dixerim
2398 3521 2565 3602 quin
2616 3521 2741 3586 hoc

390 3644 534 3709 loco
603 3645 986 3727 discipulus
1053 3649 1312 3713 rustico
1376 3648 1641 3728 egregie
1687 3647 2017 3728 imponat,
2066 3646 2447 3711 ementitus
2492 3645 2741 3726 magis-

395 3773 580 3835 trum
631 3789 836 3836 suum
884 3772 1128 3837 callide
1166 3775 1598 3854 perpetrasse
1629 3772 1917 3836 furtum.
1967 3772 2113 3853 Quo
2144 3771 2423 3835 tandem
2456 3769 2739 3834 consilio

393 3895 772 3977 discipulus
831 3897 959 3961 hoc
1021 3897 1104 3963 de
1150 3898 1338 3962 furto
1386 3895 1818 3961 mendacium
1867 3895 2195 3961 adhibet?
2260 3895 2359 3959 Ut
2407 3894 2739 3959 desiderio

392 4033 600 4096 quam
643 4019 944 4084 maxime
983 4019 1381 4100 flagrantem
1423 4017 1632 4082 faciat
1670 4017 2006 4081 rusticum
2042 4017 2253 4080 talem
2288 4015 2737 4096 cognoscendi

391 4142 828 4222 magistrum.
914 4143 1173 4223 Nempe
1234 4145 1343 4206 ost
1389 4141 1454 4204 id
1506 4142 1753 4222 ipsum,
1802 4141 1977 4220 quod
2027 4140 2241 4220 gestit
2290 4138 2737 4220 StrepsiadeS,

391 4268 476 4328 ut
565 4265 838 4330 infinita
925 4267 1142 4346 possit
1233 4265 1333 4330 uti
1416 4264 1797 4345 decipiendi
1878 4281 1957 4327 ac
2038 4263 2309 4328 furandi
2395 4263 2737 4326 libertate.

389 4389 666 4468 Optime
749 4391 959 4470 igitur
1025 4395 1231 4472 poeta
1299 4391 1503 4453 hocce
1583 4387 2012 4451 mendacium
2085 4386 2411 4450 ultimum
2488 4385 2736 4466 posuit.

389 4513 598 4577 Facto
676 4514 860 4580 enim
945 4514 1190 4579 callido
1271 4512 1527 4593 audit0,
1597 4510 1893 4590 agricola
1954 4527 2103 4574 soso
2169 4509 2468 4590 amplius
2529 4508 2735 4572 conti-

389 4654 556 4702 nere
625 4655 761 4702 non
832 4643 1079 4722 potest,
1151 4639 1264 4702 sed
1338 4654 1542 4716 quam
1615 4635 1917 4700 maxime
1984 4643 2317 4718 μαθητιῶν
2389 4633 2738 4697 exclamat

385 4767 518 4838 (vs.
573 4763 691 4826 181
746 4767 950 4844 sqq.):
