3478 5737
1923 582 2008 646 84

886 778 965 841 In
1048 778 1175 841 hac
1258 776 1691 858 expositione
1775 774 2112 856 oppositio
2183 777 2445 855 patrem
2513 775 2694 838 inter
2759 778 2832 839 et
2897 774 3134 855 filium,

798 920 972 982 quae
1019 906 1229 982 caput
1272 907 1381 965 est
1426 900 1544 979 rei,
1592 899 1984 965 accuratius
2028 916 2071 963 a
2117 902 2318 978 poeta
2365 899 2781 963 illustratur.
2831 899 3138 963 Priorum

800 1044 973 1107 quas
1053 1026 1452 1092 notavimus
1534 1024 2043 1107 oppositionum
2133 1022 2548 1105 Strepsiadis
2630 1024 2850 1105 ipsius
2919 1024 3143 1087 verbis

801 1155 1230 1233 spectatores
1296 1150 1627 1215 certiores
1696 1151 1864 1213 sunt
1933 1148 2137 1228 facti;
2207 1164 2346 1212 vss.
2421 1149 2525 1227 25,
2598 1150 2704 1229 28,
2769 1149 2852 1211 32
2915 1152 3140 1212 autem

802 1293 1043 1340 revera
1123 1274 1340 1338 filium
1423 1273 1717 1338 audiunt
1787 1272 2268 1354 somniantem,
2339 1272 2498 1336 dum
2571 1276 2837 1353 patrem
2911 1272 3142 1335 vident

802 1396 1093 1462 tabellas
1137 1396 1615 1477 inspicientem
1657 1412 2041 1473 usurasquo
2078 1398 2615 1475 computantem.
2665 1394 2906 1475 Itaque
2938 1410 3144 1459 cavea

803 1632 978 1704 pater
1030 1625 1327 1700 filiusque.
1402 1624 1477 1681 In
1518 1642 1665 1682 voce
1709 1624 1899 1699 igitur
1941 1623 2160 1700 ἔκφερε
2205 1642 2320 1681 non
2363 1624 2512 1681 satis
2553 1624 2751 1682 inesse
2793 1623 2942 1682 mihi
2984 1623 3144 1681 vide-

805 1732 907 1783 tur
946 1724 1229 1801 ponderis
1270 1727 1341 1781 ut
1382 1741 1455 1780 ex
1497 1741 1569 1781 ea
1610 1720 1737 1779 sola
1779 1721 1960 1779 liceat
1995 1719 2234 1779 efficere
2271 1721 2684 1799 Strepsiadem
2711 1722 2886 1779 initio
2907 1720 3143 1781 fabulae

804 1822 919 1880 sub
961 1821 1062 1879 dio
1104 1821 1349 1895 versari,
1394 1818 1587 1876 filium
1630 1824 1834 1877 autem
1877 1817 2042 1876 intus
2084 1818 2362 1878 dormire.

884 1920 985 1977 Ad
1026 1924 1267 1977 nostrae
1309 1934 1557 1976 scaenae
1602 1916 2056 1999 dispositionem
2092 1914 2254 1990 quod
2283 1918 2520 1993 attinet,
2553 1919 2791 1976 omnino
2819 1938 2940 1975 non
2963 1919 3146 1994 negli-

806 2018 1042 2095 gendae
1084 2016 1231 2074 mihi
1273 2016 1561 2074 videntur
1603 2014 2038 2085 annotationes⁹
2082 2032 2234 2088 quae
2278 2016 2340 2071 in
2385 2014 2642 2073 Scholiis
2669 2017 3148 2094 παρετιγροιφιῑν

808 2116 1045 2173 nomine
1096 2118 1434 2173 occurrunt.
1498 2113 1617 2184 (De
1658 2110 2118 2189 parepigraphis
2158 2112 2300 2171 vide
2343 2112 2658 2190 Rostium,'
2688 2114 2747 2171 in
2791 2134 3150 2191 programin.

812 2213 1062 2272 Scholae
1105 2210 1447 2269 Thomanae
1492 2210 1605 2283 „de
1650 2210 1880 2267 ratione
1923 2209 2088 2268 vocis
2133 2210 2629 2289 πηκρενιηγραφή”3
2674 2212 2842 2289 Lips.
2887 2210 2956 2270 8ο
3005 2212 3152 2271 1803

810 2311 991 2387 edito,
1038 2315 1100 2369 et
1140 2310 1471 2368 Ernestum
1511 2307 1912 2385 Droysenum‚
1957 2307 2020 2365 in
2062 2307 2392 2381 quaestion.
2438 2308 2515 2366 de
2545 2308 2732 2367 Arist.
2764 2328 2829 2367 re
2863 2310 3149 2369 scaenica.

810 2410 1057 2467 Bonnae
1124 2408 1277 2465 1868
1338 2426 1397 2483 p.
1458 2404 1577 2483 28).
1660 2404 1763 2463 Ad
1823 2424 1910 2463 vs,
1974 2405 2012 2461 3
2075 2410 2361 2464 annotata
2415 2407 2694 2466 videmus
2749 2410 2811 2465 in
2867 2408 3151 2466 Scholiis:

814 2510 1387 2582 συγκεκαλυμμένος
1452 2509 1548 2560 καὶ
1614 2501 1926 2566 καθεύδων
1991 2501 2342 2566 ὑποτίθεται
2401 2502 2505 2581 (sc.
2565 2504 2973 2585 Strepsiades)
3015 2510 3152 2583 ἐξά-

812 2606 1303 2679 νακαλυψίιμενος
1346 2608 1442 2659 καὶ
1488 2602 1602 2677 ἔξω
1648 2600 1760 2674 τὴν
1804 2599 2085 2676 κεφαλὴν
2127 2603 2374 2676 ποιήσας
2406 2606 2510 2659 τοῦ
2542 2604 3011 2681 περιβλήματος.
3059 2604 3154 2662 Ad

815 2720 903 2759 vs.
967 2702 1035 2758 11
1082 2700 1401 2776 leguntur:
1446 2696 1858 2774 ἀποστραφεὶς
1903 2704 2000 2753 καὶ
2043 2698 2218 2763 αὐτὸς
2263 2707 2535 2775 πειρᾶται
2579 2698 2768 2774 δῆθεν
2813 2700 3152 2766 καθεύδειν,

814 2799 1122 2876 ἐγκρύψας
1193 2798 1302 2872 τὴν
1366 2797 1648 2873 κεφαλὴν
1714 2796 1831 2859 τοῖς
1894 2796 2326 2872 περιβλήμασι.
2413 2796 2598 2855 Nulla
2673 2818 2854 2857 causa
2918 2799 3156 2858 obstare

818 2897 961 2954 mihi
1004 2896 1267 2970 videtur,
1312 2894 1627 2970 quominus
1670 2891 1879 2951 ambas
1910 2893 2088 2952 hasce
2123 2894 2596 2972 parepigraphas
2627 2903 2914 2973 putemus
2935 2899 3157 2976 optime

815 2995 1298 3068 facetissimeque
1340 3012 1465 3050 rem
1507 2992 1842 3050 senonicam
1885 2989 2167 3049 indicare.

895 3091 997 3152 Ad
1072 3091 1251 3150 aliam
1333 3088 1756 3148 difficultatem
1818 3086 1968 3147 libet
2029 3087 2142 3148 hoc
2202 3089 2331 3148 loco
2392 3091 2727 3151 attendere.
2813 3092 3158 3150 Secundum

815 3188 1243 3248 Leeuwenium
1285 3206 1495 3246 servus
1534 3205 1623 3244 vs,
1668 3187 1746 3243 55
1789 3184 1986 3244 adhuc
2007 3186 2068 3242 in
2104 3205 2318 3245 scaena
2347 3188 2538 3264 adest,
2567 3195 2885 3266 postquam
2913 3189 3028 3267 (vs.
3059 3189 3157 3267 20)

818 3287 1027 3346 attulit
1084 3284 1321 3344 tabulas
1372 3290 1436 3342 et
1478 3283 1784 3342 lucernam
1824 3283 2136 3341 ardentem
2183 3303 2396 3358 „quam
2439 3291 2652 3345 tenens
2693 3287 2898 3346 adstat
2940 3286 3159 3346 deinde

820 3385 1059 3444 domino
1102 3383 1329 3460 legenti
1374 3387 1437 3440 et
1472 3380 1862 3454 meditanti’⁷;
1900 3381 2046 3439 dum
2079 3382 2251 3441 videt
2287 3384 2584 3461 restingui
2611 3386 2935 3462 lucernam,
2967 3387 3160 3444 excla—

820 3489 946 3541 mat
1008 3501 1081 3540 ex
1135 3481 1211 3540 v¹.
1268 3481 1358 3538 cli.
1417 3479 1723 3556 opinione:
1783 3479 1977 3536 ἔλαιον
2020 3484 2153 3556 cet.⁷
2199 3479 2277 3538 ad
2315 3486 2684 3557 postremum
2729 3483 2889 3560 (post
2929 3503 3018 3542 vs.
3063 3487 3161 3556 59)

825 3601 999 3654 „cum
1053 3580 1299 3638 lucerna
1348 3583 1411 3636 et
1452 3576 1691 3636 tabellis
1732 3595 1799 3636 se
1841 3577 2152 3653 proripit.”
2215 3577 2316 3635 Ad
2358 3599 2536 3653 quam
2579 3581 2917 3657 opinionem
2962 3580 3161 3639 obser-

821 3697 963 3736 vare
1003 3678 1203 3752 velim,
1248 3696 1367 3734 non
1406 3673 1585 3735 valde
1625 3673 1912 3733 festivum
1957 3674 2105 3732 mihi
2145 3675 2336 3734 videri
2378 3695 2572 3752 neque
2599 3697 2674 3736 ex
2711 3697 2908 3736 rerum
2937 3679 3162 3736 scaeni-

823 3795 1026 3834 carum
1070 3795 1183 3833 usu
1224 3794 1333 3851 per
1373 3777 1563 3830 totam
1605 3773 1817 3830 rustici
1857 3772 2256 3848 monologiam
2299 3793 2539 3833 sei-vum
2579 3773 2778 3835 facere
2819 3776 3162 3836 adstantem

826 3893 961 3932 oum
1002 3873 1262 3930 lucei-na.
1307 3871 1411 3928 Sic
1450 3870 1608 3927 enim
1647 3873 2055 3946 spectatorum
2089 3872 2484 3932 attentionem
2521 3873 2747 3948 absque
2777 3875 2937 3934 omni
2959 3895 3162 3934 neces-

826 3971 1005 4029 sitate
1070 3969 1412 4028 avocaveris
1475 3987 1511 4026 a
1569 3965 1768 4026 faceta
1829 3967 2169 4044 monologia
2221 3969 2367 4046 ipsa.
2438 3969 2785 4031 Difficultas
2827 3993 2970 4032 sane
3005 3974 3164 4032 inest

827 4070 889 4126 in
952 4087 1038 4145 eo,
1104 4067 1265 4143 quod
1317 4068 1637 4142 lucernam,
1704 4083 1859 4140 quae
1913 4085 2001 4124 vs.
2055 4069 2129 4124 21
2179 4064 2360 4146 (φέρ’
2400 4070 2466 4126 ἵδ
2485 4089 2547 4134 ω,
2595 4075 2652 4127 τί
2697 4069 3000 4154 ὀφείλως)
3047 4073 3162 4130 iam

828 4185 1077 4224 accensa
1130 4172 1243 4241 est,
1300 4183 1388 4223 VS.
1447 4165 1523 4222 56
1578 4181 1788 4222 servus
1843 4161 2084 4239 (absens
2098 4165 2150 4238 P)
2190 4164 2363 4223 videt
2403 4166 2718 4243 restingui.
2789 4169 2874 4230 Ut
2913 4175 2976 4227 et
3017 4170 3164 4228 haec

828 4269 1147 4324 evanescat
1205 4261 1551 4337 difficultas,
1608 4261 1696 4317 nil
1749 4260 1868 4318 nisi
1919 4259 2097 4318 fallor
2151 4282 2298 4340 opus
2340 4271 2452 4340 est,
2510 4264 2627 4322 nisi
2679 4272 2750 4323 ut
2803 4286 3046 4326 servum
3106 4268 3162 4324 in

828 4363 1155 4439 posteriore
1211 4359 1509 4419 conclavis
1563 4363 1735 4435 parte
1793 4357 1966 4416 nobis
2020 4357 2318 4436 fingamus
2373 4362 2544 4419 initio
2599 4361 2842 4422 fabulae
2905 4366 2962 4422 in
3009 4367 3164 4423 lecto

828 4465 1185 4518 stertentem
1243 4457 1313 4535 (ol
1369 4456 1424 4514 δ’
1464 4461 1685 4513 οἰκέται
1743 4460 2079 4532 ῥέγκουσιν,
2138 4478 2223 4518 vs.
2275 4461 2354 4534 5),
2398 4460 2620 4520 deinde
2665 4463 2744 4520 ad
2784 4483 2872 4522 vs,
2925 4463 2997 4522 18
3040 4483 3164 4521 sur.

829 4562 1071 4634 gentem
1130 4559 1325 4632 (ἅπτε,
1384 4556 1509 4618 παῖ,
1568 4555 1838 4630 λύχνον),
1891 4575 2066 4631 porro
2111 4556 2497 4616 recubantem
2539 4579 2728 4633 usque
2777 4561 2856 4618 ad
2906 4581 2994 4618 vs,
3039 4561 3166 4620 sere

832 4657 925 4730 54,
982 4660 1283 4732 postremo
1335 4653 1412 4710 ad
1462 4672 1547 4710 vs,
1594 4653 1687 4728 523,
1734 4671 1869 4708 cum
1911 4652 2084 4710 videt
2122 4654 2428 4714 lucernam
2471 4657 2786 4734 restingui⁷
2829 4659 3165 4717 dicentem:

831 4754 1023 4808 ἔλαιον
1070 4753 1205 4830 ἡμῖν
1246 4757 1359 4809 etc.
