3478 5737
1756 598 1840 661 28

706 792 833 871 Qui
901 796 1138 858 autem
1212 794 1443 857 minus
1513 797 1818 857 moratur
1890 793 2234 873 propriam
2306 789 2688 853 utilitatem
2763 801 2975 864 quam

615 914 929 981 iustitiae
998 918 1328 998 studium,
1394 936 1495 995 ac,
1544 921 1750 999 poeta
1796 935 1950 981 cum
2001 916 2112 995 sit,
2163 913 2445 995 penitus
2493 910 2752 976 sentire
2799 907 2980 973 solet

614 1056 820 1118 quam
872 1041 1133 1104 nefarie
1178 1044 1389 1122 atque
1435 1042 1766 1106 atrociter
1812 1042 1880 1105 in
1930 1041 2078 1123 vita
2124 1038 2468 1104 cotidiana
2515 1052 2718 1115 saepe
2743 1035 2978 1115 poten·

614 1162 749 1227 tior
837 1164 1218 1245 iustiorem,
1298 1165 1622 1230 iniustior
1708 1166 1941 1229 vincat
2025 1161 2562 1240 imbecilliorem,
2646 1160 2708 1222 is
2777 1155 2980 1221 facile

612 1288 978 1352 adducitur
1029 1291 1107 1353 ut
1153 1290 1560 1371 iniustitiae,
1614 1307 1816 1369 quam
1872 1289 2084 1368 videt,
2137 1288 2376 1369 pingat
2426 1284 2825 1363 imaginem.

706 1408 819 1473 Sic
897 1426 1099 1491 saepe
1169 1412 1473 1490 tragicus
1542 1413 1746 1491 poeta
1817 1410 1926 1473 vol
1997 1411 2298 1474 comicus
2367 1408 2438 1471 in
2509 1406 2768 1471 fabulis
2836 1404 2986 1468 suis

611 1533 867 1598 iustum
916 1534 1087 1599 facit
1133 1537 1717 1613 succumbentem,
1768 1534 2104 1598 iniustum
2151 1538 2386 1598 autem
2433 1533 2851 1596 vincentem.
2903 1526 2986 1589 In

613 1657 965 1736 tragoedia
1026 1658 1209 1722 enim
1277 1676 1363 1723 ex
1412 1659 1576 1722 iusti
1628 1658 1854 1723 herois
1897 1658 2270 1737 aerumniS,
2323 1690 2402 1701 *—
2453 1656 2512 1719 si
2563 1671 2698 1720 non
2747 1654 2985 1717 imme·

616 1779 793 1860 ritis,
882 1785 1119 1845 tamen
1189 1799 1344 1846 cum
1415 1782 1565 1846 eius
1634 1782 1834 1862 culpa
1907 1781 2186 1845 minime
2257 1778 2824 1859 congruentibUS,
2903 1810 2986 1821 -

615 1903 939 1967 oriuntur
1000 1904 1291 1969 effectus
1350 1905 1591 1984 tragici
1630 1903 1698 1982 1).
1773 1904 1848 1968 In
1909 1902 2254 1969 comoedia
2300 1902 2358 1966 si
2409 1903 2654 1982 poetae
2705 1900 2988 1981 pingere

616 2025 1045 2105 propositum
1080 2032 1189 2090 est
1220 2026 1697 2091 deformitates
1725 2026 2346 2106 turpitudinesque,
2369 2042 2545 2106 quae
2571 2027 2644 2088 et
2667 2023 2986 2087 animum

618 2147 771 2211 eius
820 2166 1022 2229 saepe
1070 2155 1596 2213 commoverunt
1641 2154 1713 2213 et
1762 2148 2164 2212 facetiarum
2212 2149 2547 2229 praebent
2597 2145 2987 2221 materiam,

617 2270 817 2335 facile
850 2272 1218 2337 adducitur
1256 2310 1317 2317 -—
1354 2290 1719 2353 pravarum
1757 2272 2155 2353 opinionum
2190 2270 2630 2335 ridendarum
2665 2286 2877 2333 causa
2905 2304 2985 2313 -—

622 2398 700 2457 ut
732 2395 911 2474 quod
945 2398 1054 2459 est
1086 2398 1287 2477 turpe
1318 2399 1531 2475 atque
1557 2396 1998 2459 inhonestum
2027 2394 2238 2458 faciat
2263 2394 2581 2476 superius
2605 2392 2988 2457 discedens.

619 2518 733 2583 Sic
798 2519 1300 2601 Aristophanes
1346 2521 1413 2583 in
1464 2538 1544 2583 ea
1592 2520 1886 2584 Nubium
1940 2522 2153 2600 parte,
2201 2535 2376 2597 quae
2402 2518 2601 2583 cardo
2625 2518 2994 2582 comoediae

620 2660 773 2707 esse
822 2643 991 2707 mihi
1046 2644 1340 2725 videtur,
1392 2644 1459 2707 in
1508 2644 1886 2709 certamine
1933 2658 2043 2707 τοῦ
2094 2640 2372 2705 Ἀδὶκου
2421 2648 2524 2705 καὶ
2570 2656 2680 2706 τοῦ
2719 2644 2990 2705 Amazon

620 2769 871 2845 Λόγου,
934 2768 1273 2831 iniustum
1337 2770 1675 2831 oratorem
1745 2768 1910 2831 facit
1957 2769 2388 2847 vincentem3
2437 2768 2536 2832 sic
2585 2769 2652 2831 in
2703 2766 2990 2831 alterca-

624 2893 811 2958 tione
876 2897 1139 2973 patrem
1207 2893 1388 2955 inter
1450 2896 1521 2956 et
1584 2892 1796 2956 filium
1843 2894 1969 2972 (ve.
2025 2894 2486 2968 1321-1446)
2535 2893 2648 2956 hic
2695 2894 2991 2974 probare

621 3017 937 3082 instituit
998 3017 1359 3079 verberare
1422 3020 1687 3096 patrem
1757 3015 1887 3079 sibi
1959 3016 2196 3096 licere3
2259 3017 2358 3080 sic
2405 3017 2476 3080 in
2527 3017 2806 3081 fabulae
2853 3016 2993 3078 fine

622 3140 971 3204 immerito
1043 3138 1347 3202 Socratis
1419 3139 1900 3202 meditaculum
1971 3139 2274 3203 incendit
2337 3139 2643 3204 rusticus
2705 3139 2995 3218 iniquus

618 3267 832 3342 atque
896 3261 1397 3326 fraudulentus.
1474 3261 1745 3324 Dixeris
1791 3263 2288 3341 spectatoribus
2336 3261 2711 3338 nonnullis,
2760 3261 2996 3342 probis

620 3385 1022 3449 hominibus
1083 3388 1293 3462 atque
1364 3383 1690 3462 honestiS,
1757 3386 2156 3464 pracsertim
2221 3385 2289 3448 in
2343 3385 2717 3467 comoedia,
2771 3386 2995 3464 magis

624 3508 1046 3589 placiturum
1096 3507 1331 3586 fuisse,
1380 3507 1438 3568 si
1486 3523 1522 3570 6
1571 3508 1909 3572 contrario
1959 3511 2211 3581 Δίκαιος
2257 3509 2374 3572 ille
2421 3511 2642 3587 Λόγος
2677 3509 2996 3572 vinceret

624 3631 1067 3710 Socratisque
1136 3629 1475 3708 sapientia
1540 3630 1865 3694 evaderet
1931 3633 2258 3713 superior.
2332 3633 2548 3696 Poeta
2609 3636 2848 3696 autom
2925 3631 2992 3694 id

622 3771 761 3817 non
830 3751 1126 3832 curavit,
1198 3752 1316 3814 sed
1386 3751 1583 3815 nobis
1650 3752 1878 3832 pinxit
1945 3772 2170 3818 rerum
2247 3756 2570 3834 vitaeque
2643 3758 2996 3820 humanae

622 3879 949 3940 naturam
1017 3891 1153 3938 non
1203 3874 1477 3953 qualem
1525 3874 1872 3940 auditores
1915 3881 1986 3940 et
2032 3881 2457 3959 spectatores
2507 3879 2786 3943 honesti
2835 3895 2994 3941 eam

623 3999 851 4064 solent
912 4001 1265 4078 exoptare,
1328 3997 1442 4060 sed
1506 3999 1768 4078 qualem
1831 3999 1974 4078 ipse
2021 4001 2293 4066 m'clebat.
2365 4003 2618 4066 Poetae
2665 4002 2858 4066 enim
2911 4003 2998 4082 si,

623 4123 1003 4187 effectuum
1067 4120 1483 4184 comicorum
1548 4135 1773 4200 causa,
1835 4137 2007 4198 quae
2073 4121 2327 4204 vident,
2393 4125 2579 4188 nuda
2627 4128 2700 4188 ct
2745 4129 2998 4206 aperta

624 4247 1096 4326 spectatorum
1172 4243 1474 4306 offerunt
1544 4241 1761 4305 oculis
1827 4245 2263 4326 auribusque,
2337 4248 2537 4311 facile
2601 4249 3004 4329 perducunt

624 4369 980 4432 auditores
1026 4366 1110 4429 ad
1159 4364 1595 4443 cogitandum
1646 4364 1729 4427 de
1776 4367 1996 4445 rebus,
2047 4385 2220 4446 quac
2267 4371 2535 4434 ridendi
2579 4388 2796 4435 causa
2819 4377 3002 4436 trac-

625 4494 891 4554 tantur.
966 4487 1155 4550 Haec
1215 4489 1451 4550 autern
1519 4486 1748 4565 turpia
1807 4489 2078 4570 comice,
2144 4495 2223 4554 ut
2286 4493 2716 4557 comoediam
2773 4494 3002 4576 decet,

710 4753 759 4828 1)
805 4750 881 4809 cf.
928 4747 1285 4806 Aristotelis
1326 4745 1403 4803 de
1448 4753 1576 4804 arte
1620 4752 1778 4822 poet.
1823 4767 1871 4805 c.
1923 4750 2011 4806 13.
