3478 5737
1871 580 1994 643 164

755 776 1154 843 interfuisse
1199 773 1638 841 altercationi
1677 772 2141 837 necessarium
2180 773 2372 855 duco,
2398 773 2447 852 1)
2478 778 2675 839 tanto
2710 774 3109 841 incenderat

757 902 985 967 studio
1046 901 1380 979 tantaque
1441 899 1787 963 imbuerat
1840 896 2015 961 altis
2060 895 2459 962 dialecticae
2506 898 2981 980 admiratione,
3028 902 3117 963 ut

758 1029 1005 1094 statim
1051 1030 1207 1109 post
1252 1028 1604 1091 certamen
1650 1022 1965 1088 auditum
2015 1020 2279 1087 Socrati
2330 1026 2621 1105 roganti,
2662 1028 2898 1089 utrum
2937 1024 3118 1091 velit

758 1154 1094 1219 abducere
1163 1149 1383 1215 filium
1451 1167 1541 1215 an
1609 1166 1770 1213 eum
1832 1146 2055 1211 doceri
2118 1148 2357 1228 cupiat
2418 1148 2814 1228 disputandi
2862 1152 3115 1233 artem,

756 1280 1094 1344 acclamet
1141 1282 1271 1355 (vs,
1326 1276 1491 1339 1107
1543 1276 1749 1355 sqq.):
1800 1273 2050 1337 δίδασκε
2098 1279 2201 1337 καὶ
2252 1270 2517 1348 κόλαζε]
2567 1312 2647 1320 -
2700 1292 2825 1339 nec
2873 1277 3113 1339 tamen

756 1406 1024 1471 fervore
1069 1402 1326 1482 ingenii
1375 1400 1777 1466 cohibeatur
1824 1400 2193 1479 quominus
2240 1400 2425 1464 dicat
2462 1400 2640 1479 quod
2672 1400 2803 1465 sibi
2838 1416 3115 1479 semper

762 1544 1038 1593 summa
1086 1544 1351 1591 rerum:

1775 1654 1880 1712 καὶ
1927 1647 2187 1734 μέμνησ’
2238 1653 2409 1723 ὅπως

1027 1773 1095 1841 εὖ
1141 1802 1246 1857 μοι
1293 1778 1625 1858 στομώσεις
1672 1773 1891 1855 αἶα-όν,
1941 1778 2069 1840 cet.

844 1902 1240 1984 Respondet
1287 1901 1624 1975 Socrates,
1670 1901 1867 1980 quasi
1907 1900 2055 1965 eius
2087 1900 2645 1981 exspectationes
2675 1898 3115 1963 dulcissimas

757 2028 1194 2110 expleturus:
1281 2026 1380 2090 sis
1463 2027 1641 2090 bono
1718 2024 1987 2105 animo;
2060 2024 2349 2105 recipies
2416 2040 2575 2087 eum
2643 2026 3117 2104 argutatorem

761 2152 1047 2233 probum
1099 2150 1354 2233 (ἀμέλει,
1403 2164 1604 2231 κομιεῖ
1649 2162 1873 2214 τοῦτον
1924 2155 2221 2233 σοφιστὴν
2272 2148 2515 2227 δεξιόν.)

854 2275 1292 2359 Phidippides
1361 2278 1620 2357 contra,
1694 2275 1833 2355 qui,
1906 2276 2226 2355 quamvis
2295 2279 2573 2355 εὐμαθὴς
2634 2278 2706 2339 et
2750 2276 3121 2354 θυμόσοφος

761 2408 891 2480 (vs,
962 2401 1139 2482 877),
1212 2400 1382 2464 nihil
1455 2403 1653 2464 curat
1721 2399 2119 2481 disciplinas
2186 2400 2473 2479 ideoque
2542 2416 2749 2480 quam
2812 2400 3121 2464 maxime

764 2526 1082 2591 diversus
1127 2528 1234 2590 est
1281 2542 1322 2589 a
1367 2528 1583 2606 patre,
1631 2524 1751 2603 qui
1797 2523 1959 2587 licet
1988 2526 2083 2589 sit
2114 2524 2443 2605 δυσμαθής
2474 2528 2707 2588 tamen
2741 2540 2860 2605 per
2889 2526 3121 2587 totam

765 2650 1066 2715 fabulam
1129 2649 1412 2731 praebet
1455 2666 1528 2713 se
1575 2648 1925 2730 φιλομαθῆ,
1974 2648 2081 2713 sui
2130 2648 2459 2713 nimirum
2508 2648 2841 2713 commodi
2891 2664 3123 2729 causa,

774 2812 854 2820 —
929 2773 1366 2856 Phidippides
1434 2772 1548 2837 ille
1623 2774 1798 2837 satis
1856 2789 2168 2837 morosus
2228 2774 2559 2837 mussitat
2618 2770 2863 2851 (magis
2932 2772 3123 2836 enim

767 2917 1046 2965 scurrae
1091 2899 1277 2965 cordi
1323 2901 1430 2963 est
1477 2899 1656 2964 cutis
1702 2899 1885 2964 color
1933 2915 2139 2979 quam
2188 2899 2628 2980 sapientia!):

1215 3028 1416 3110 ὠχρὸν
1464 3028 1575 3102 μὲν
1625 3021 1759 3100 οὖν,
1810 3019 1990 3105 οἶμαί
2033 3049 2121 3102 γε,
2168 3028 2271 3086 καὶ
2322 3024 2775 3104 κακοδαίμονα.

857 3149 957 3213 Ut
1016 3167 1119 3213 VS.
1181 3149 1311 3212 865
1377 3147 1833 3231 PhidippideS,
1898 3149 1997 3214 sic
2060 3166 2243 3213 nunc
2308 3149 2572 3214 Chorus
2618 3149 2733 3214 vel
2780 3161 3131 3231 κορυφαῖος

773 3271 934 3336 mali
999 3272 1251 3337 ominis
1312 3274 1521 3337 verba
1568 3273 1932 3354 eloquitur,
1982 3274 2487 3355 spectatoribus
2534 3274 2805 3337 futurae
2853 3273 3131 3337 calami-

772 3398 942 3461 tatis
989 3396 1404 3479 praenuntia
1449 3402 1578 3474 (VS.
1633 3398 1803 3461 1113
1852 3401 2014 3478 sq.):

1297 3517 1472 3604 οἶμαι
1522 3523 1588 3586 δέ
1635 3544 1728 3586 σοι
1779 3537 1981 3587 ταῦτα
2026 3523 2482 3604 μεταμελήσειν.

865 3749 902 3820 g
949 3745 1009 3808 3.
1106 3745 1433 3826 Sequitur
1503 3744 1760 3810 bellum
1832 3746 2299 3825 festivumque
2349 3745 2549 3809 Chori
2600 3744 2947 3810 canticum
2998 3749 3135 3820 (vs.

781 3869 1259 3950 1115—1130),
1329 3869 1402 3932 in
1474 3886 1608 3950 quo
1673 3870 1909 3936 Nubes
1970 3889 2042 3936 se
2103 3871 2437 3953 praebent
2497 3870 2660 3934 deas
2720 3868 3139 3934 ambitiosas

778 3993 948 4058 satis
993 3995 1597 4075 spectatorumque
1636 3994 1945 4059 favorem
1980 4013 2061 4060 ac
2098 3993 2656 4060 benevolentiam
2694 3995 3137 4073 quaerentes,

785 4118 1018 4196 utpote
1079 4117 1425 4200 muliereS,
1489 4118 1739 4196 quibus
1805 4124 1885 4182 ut
1933 4119 2250 4199 placeant
2295 4119 2466 4182 viris
2512 4122 2621 4182 est
2664 4133 2886 4182 curae.
2960 4116 3139 4180 Tam

781 4241 1110 4304 modestis
1154 4243 1386 4305 autem
1435 4242 1753 4320 precibus
1798 4242 2059 4306 adeunt
2104 4245 2544 4324 spectatores,
2592 4245 2928 4320 tantaque
2970 4259 3139 4305 cum

783 4367 1152 4428 venustate
1237 4364 1323 4428 iis
1385 4365 1807 4444 promittunt
1868 4383 1940 4430 se
2005 4367 2149 4430 fore
2213 4367 2546 4448 propitias
2604 4365 3141 4446 benevolasquc,

783 4486 1148 4552 dummodo
1217 4487 1347 4551 sibi
1417 4488 1665 4552 dentur
1733 4490 1944 4554 dcbiti
2021 4491 2330 4572 honOmS,
2404 4493 2545 4554 tam
2609 4490 2830 4572 lepide
2890 4493 3145 4554 contra

864 4664 914 4727 Γ)
969 4661 1100 4720 Hac
1156 4664 1214 4721 in
1275 4685 1336 4721 re
1393 4663 1767 4722 Heidhuesio
1818 4667 2114 4723 assentior
2156 4665 2332 4728 (Ucb.
2378 4667 2436 4725 d..
2480 4665 2745 4724 W'olken
2788 4666 2898 4725 des
2938 4666 3142 4726 Arist..

785 4779 844 4836 p.
893 4761 963 4817 12
1007 4761 1161 4836 sqq.)
