3478 5737
1803 570 1891 630 44

674 773 786 823 τοῦ
850 772 1037 844 χοροῦ
1108 765 1183 823 οὗ
1229 775 1443 825 κεῖται.
1502 762 1579 825 In
1633 760 1790 825 Cod.
1839 761 2009 827 Rav.
2056 766 2129 827 et
2177 762 2371 826 Cant.
2421 761 2486 825 II
2534 764 2690 842 post
2738 777 2841 824 VS.
2887 762 3020 825 888

674 884 926 965 legitur
970 900 1177 970 χοροῦ.
1228 886 1615 951 Brunckius
1661 886 2009 966 perhibet:
2057 890 2252 971 „post
2289 886 2473 949 hunc
2513 856 2792 949 versum
2835 888 3020 949 recte

676 1014 1091 1075 monuerunt
1136 1010 1443 1092 primarii
1492 1010 1812 1090 editoreS,
1863 1010 2161 1075 Chorum
2207 1010 2464 1090 aliquid
2513 1010 3018 1075 intercinisse”.

672 1134 751 1199 G.
802 1134 1273 1200 Hermannus:
1324 1136 1721 1219 „oportebat
1769 1134 2064 1199 Chorum
2117 1134 2225 1198 hic
2270 1134 2615 1199 canticum
2655 1151 2895 1199 canere
2935 1138 3022 1199 ut

670 1260 834 1323 actu
881 1258 1097 1323 finito,
1148 1257 1505 1339 Simulque
1551 1258 1716 1323 dum
1755 1258 1824 1322 id
1861 1262 2245 1339 caneretur,
2287 1258 2662 1323 histriones
2693 1276 3024 1339 personas

672 1385 1101 1449 mutabant.''
1184 1383 1258 1449 Si
1318 1386 1553 1448 autem
1616 1384 2102 1448 mutandarum
2151 1384 2452 1465 partium
2501 1400 2710 1447 causa
2754 1382 3024 1462 aliquot

671 1505 872 1570 Chori
936 1523 1183 1571 versus
1246 1506 1411 1571 olim
1473 1506 1687 1571 fuisse
1720 1510 1910 1578 ‚ante
1972 1511 2319 1571 certamen
2369 1510 2680 1571 nostrum
2732 1510 2840 1572 est
2883 1510 3018 1571 sta-

669 1630 1031 1712 tuendum,
1098 1648 1377 1695 necesse
1425 1634 1532 1694 est
1580 1632 1659 1693 ut
1704 1648 1860 1694 cum
1911 1630 2202 1711 Bergkio
2249 1632 2668 1712 accipiamus
2713 1636 2868 1713 post
2915 1648 3016 1695 vs.

672 1754 845 1817 1104
890 1754 1279 1819 addendum
1326 1771 1477 1819 esse
1526 1768 1735 1838 χοροῦ.
1787 1754 2196 1819 Rectissime
2241 1758 2475 1819 autem
2526 1755 3016 1819 Leeuwenius:

675 1880 838 1959 „aut
896 1895 1138 1958 parum
1203 1878 1392 1943 valet
1454 1878 1578 1943 hoc
1624 1879 2110 1959 argumentum
2159 1884 2276 1954 (sc.
2323 1878 2736 1943 histrionum
2787 1882 3020 1959 partes

668 2018 817 2065 esse
866 2001 1261 2080 mutandas)
1307 2004 1431 2067 aut
1476 2001 1685 2066 etiam
1738 2002 1893 2081 post
1939 2016 2040 2064 vs,
2087 1999 2258 2063 1104
2294 1999 2552 2079 aliquid
2591 1999 2826 2064 deesse
2859 1999 3017 2063 inde

668 2126 975 2204 apparet,
1023 2125 1366 2207 utrobique
1411 2127 1647 2188 autem
1694 2123 2029 2188 eiusmodi
2067 2122 2227 2203 quid
2269 2123 2700 2188 intercidisse
2741 2123 2880 2189 veri
2905 2126 3020 2187 est

669 2246 1275 2313 dissimillimum.'’
1325 2247 1497 2312 Cum
1547 2248 1645 2312 rei
1694 2248 2047 2313 scaenicae
2080 2248 2464 2314 rationibus
2495 2264 2738 2329 parum
2777 2264 3018 2313 conve·

672 2373 823 2437 nire
896 2373 1196 2454 putarim
1275 2372 1341 2438 id
1407 2373 1582 2453 quod
1648 2372 1725 2437 G.
1790 2371 2230 2437 Hermannus
2289 2372 2681 2455 suspicatur
2738 2373 2844 2451 (ad
2911 2389 3016 2437 VS.

675 2496 905 2572 1105):
982 2496 1481 2579 aliquantisper
1542 2498 1764 2562 solum
1828 2498 1894 2561 in
1961 2514 2207 2561 scaena
2267 2498 2456 2561 stare
2519 2496 3018 2579 Phidippidem,

670 2621 835 2685 dum
885 2620 1257 2685 histriones
1304 2621 1371 2686 in
1422 2620 1878 2704 postscaeniis
1923 2624 2201 2686 mutant
2248 2621 2607 2686 vestitum.
3451 2636 3454 2851 Ι

756 2875 793 2948 5
840 2871 901 2936 3.
966 2870 1337 2949 Postquam
1387 2868 1651 2934 Chorus
1700 2887 1802 2933 VS.
1855 2870 2017 2934 1031
2073 2870 2418 2935 Iniustum
2465 2875 2576 2935 est
2626 2872 3017 2936 allocutus:
3449 2891 3451 2904 ²

674 2994 899 3078 „omni
946 2999 1067 3059 tuo
1114 2995 1369 3058 mentis
1412 2993 1729 3058 acumine
1777 3009 1953 3072 opus
1997 2993 2150 3077 erit,
2199 2994 2539 3074 siquidem
2581 2995 2774 3060 illum
2819 2996 3016 3077 cupis
3449 2917 3452 3116 ὓ

666 3134 989 3198 superare
1057 3135 1279 3198 neque
1349 3117 1641 3182 ludibrio
1706 3117 2002 3193 haberi,’'
2063 3155 2123 3164 -
2184 3118 2430 3199 incipit
2493 3121 2807 3186 Iniustus
2853 3139 3018 3185 suae

671 3241 856 3306 vitae
915 3242 1251 3307 rationem
1314 3241 1696 3307 defendere.
1749 3241 1878 3306 Per
1925 3245 2594 3321 argumentationem
2641 3262 2840 3310 suam
2888 3251 3014 3323 (vs.
3447 3197 3450 3377 l

674 3365 1131 3443 1036—1082)
1198 3366 1471 3448 saepius
1516 3365 2118 3430 observationibus
2166 3366 2458 3432 minutis
2504 3368 3012 3449 interpellatur.

674 3488 849 3571 „Cur
914 3505 1022 3553 me
1089 3494 1335 3554 vocant
1394 3494 1501 3554 τὸν
1559 3489 1726 3572 ἥττω
1774 3489 1961 3567 λόγον
1980 3487 2060 3551 ?’'
2113 3525 2194 3534 —
2241 3491 2342 3555 sic
2387 3492 2530 3555 fere
2577 3491 2886 3572 loquitur
2935 3529 3014 3538 —

678 3611 889 3694 „Quia
952 3613 1258 3678 omnium
1310 3614 1592 3695 primus,
1642 3614 1976 3693 quomodo
2027 3615 2274 3694 quibue
2319 3615 2713 3698 decretisque
2757 3617 3020 3699 obloqui

660 3737 1010 3818 possimus,
1058 3737 1469 3818 excogitavi.
1520 3737 2212 3818 Argumentationem
2247 3739 2642 3804 debiliorem
2669 3741 3017 3823 suscipere
3443 3753 3445 3766 ·

668 3864 741 3925 et
798 3863 1034 3924 tamen
1099 3863 1392 3943 vincere,
1454 3878 1535 3926 ea
1597 3861 1852 3942 ingenii
1917 3862 2211 3926 facultas
2273 3863 2505 3927 decem
2574 3863 2762 3928 valet
2827 3863 3017 3928 milia
3443 3769 3445 3901 1

671 3987 1059 4068 στατήρων.”

762 4111 881 4176 Vs,
959 4112 1125 4174 1044
1192 4129 1337 4191 sqq.
1409 4115 1440 4173 ὁ
1512 4111 1786 4185 ’Ἄδικος
1855 4126 1964 4176 τοῦ
2060 4114 2322 4176 Δικαίου
2395 4113 2579 4177 vitae
2671 4113 3008 4178 rationem
3441 4061 3443 4163 i

670 4236 1022 4300 refutabit.
1095 4235 1423 4317 Suspensi
1492 4254 1735 4301 sumus
1803 4237 2068 4300 animo:
2137 4241 2622 4320 exspectamus
2669 4237 3012 4302 Iniustum

670 4375 1080 4424 exorsurum
1149 4376 1297 4424 esse
1362 4361 1449 4425 ab
1516 4360 1944 4440 argumentis
2012 4360 2447 4424 firmissimis,
2537 4359 2710 4442 Quid
2777 4365 3010 4425 autem

670 4482 886 4547 facit?
970 4481 1251 4547 Orditur
1335 4484 2008 4564 argumentationem
2078 4501 2198 4565 per
2266 4484 2772 4563 quaestionem:
2853 4500 3015 4566 „cur

672 4605 891 4670 calida
960 4607 1202 4671 balnea
1260 4607 1403 4672 sint
1448 4606 1970 4688 vituperanda”,
2036 4624 2209 4686 quae
2257 4608 2572 4688 quaestio
2619 4607 2792 4672 nihil
2839 4622 3012 4672 com-

674 4747 880 4794 mune
926 4730 1136 4796 habet
1184 4747 1402 4811 neque
1448 4749 1605 4796 cum
1633 4732 1782 4816 ipsa
1805 4731 2167 4818 δικαιοσύνῃ
2193 4751 2413 4814 neque
2437 4752 2595 4800 cum
2621 4736 3012 4820 σωφροσύνῃ,
