3478 5737
1527 1240 1917 1305 CAPUT
1988 1239 2127 1303 VI.

1622 1504 1943 1515 ——n———.-

658 1766 767 1834 De
814 1766 1010 1834 Actu
1062 1766 1336 1853 quinto
1388 1767 1535 1853 (vs.
1584 1784 1747 1848 1321
1791 1806 1849 1813 -
1896 1786 2137 1851 usque
2186 1764 2281 1832 ad
2329 1764 2568 1831 finem
2615 1784 2726 1831 vs,
2776 1762 2997 1851 1510).

741 1996 776 2069 5
843 1992 901 2056 1.
997 1990 1447 2056 Pervenimus
1504 1991 1588 2055 ad
1651 1991 1904 2055 summi
1968 1989 2291 2071 ponderis
2354 2004 2671 2053 scaenam
2732 1990 3001 2069 patrem

652 2114 839 2179 inter
898 2118 969 2179 et
1031 2114 1270 2195 filium,
1335 2131 1506 2194 quae
1556 2114 1834 2197 perinde
1880 2119 2092 2194 atque
2142 2112 2504 2193 utriusque
2552 2112 2743 2191 λόγου
2790 2116 3002 2176 certa-

655 2256 814 2303 men
879 2238 1102 2303 multa
1169 2256 1295 2303 nos
1361 2239 1557 2303 docet
1622 2238 1706 2303 de
1776 2238 2047 2304 fabulae
2117 2237 2401 2303 consilio
2470 2238 2691 2317 deque
2762 2238 3004 2319 poetae

653 2363 912 2427 eximia
965 2366 1112 2427 arte
1169 2363 1647 2443 cogitandique
1693 2363 2043 2427 facultate.
2119 2363 2288 2428 Cum
2338 2362 2550 2427 semel
2600 2362 3006 2427 instituerat

653 2490 913 2570 auctor,
978 2492 1056 2553 ut
1117 2487 1464 2553 Socratem
1531 2488 1986 2569 chorumque,
2048 2488 2443 2570 Strepsiade
2490 2489 2665 2553 satis
2712 2488 2783 2553 in
2832 2504 3005 2552 erro·

654 2630 797 2677 rem
860 2613 1163 2694 inductQ
1225 2614 1295 2678 in
1360 2616 1706 2694 posterum
1776 2611 2198 2691 relinqueret
2258 2612 2621 2689 intactum,
2690 2616 2901 2691 utque
2959 2628 3005 2675 a

656 2736 793 2801 filio
867 2740 1061 2818 pater
1133 2754 1346 2819 prava
1421 2737 1770 2801 levaretur
1844 2737 2186 2818 opimone,
2267 2741 2581 2801 coactum
2660 2754 2734 2801 se
2806 2737 3000 2818 vidit,

655 2861 993 2942 siquidem
1039 2861 1108 2926 in
1159 2861 1428 2927 fabulae
1473 2861 1757 2927 consilio
1795 2862 2201 2944 perficiendo
2242 2860 2370 2928 sibi
2414 2860 2627 2927 vellet
2664 2864 3003 2942 constare,

653 2985 840 3050 omni
911 2985 1033 3050 filii
1099 3003 1257 3066 erga
1326 2989 1592 3068 patrem
1671 2987 1931 3066 pietate
2008 2987 2341 3068 neglecta,
2423 2986 2641 3051 filium
2726 2987 2794 3050 in
2876 2987 3004 3051 hac

652 3127 808 3174 cum
858 3117 1050 3191 patre
1095 3112 1562 3176 controversia
1607 3111 2028 3192 superiorem
2071 3111 2291 3176 facere
2321 3105 2756 3176 evadentem.
2808 3111 3003 3174 Prae-

652 3238 864 3316 terea,
935 3237 1015 3298 ut
1077 3238 1271 3316 pater
1330 3237 1730 3299 occaecatus
1792 3251 2197 3316 persuasum
2266 3236 2548 3299 haberet
2612 3235 2885 3300 mcm'tas
2928 3252 3005 3298 se

653 3359 920 3422 dedisse
965 3375 1236 3440 poenae,
1283 3359 1708 3438 argument-is
1754 3377 1926 3440 opus
1972 3363 2140 3438 erat,
2193 3376 2366 3439 quae
2414 3375 2456 3423 a
2495 3357 3007 3440 spectatoribus

655 3481 938 3546 minime
983 3483 1400 3547 haberentur
1443 3483 1660 3546 stulta
1705 3483 1813 3562 (cf.
1861 3483 2061 3564 infra,
2111 3502 2173 3565 p.
2226 3483 2396 3560 187).

745 3719 934 3783 Licet
993 3719 1295 3785 rusticus
1353 3721 1498 3802 ipse
1561 3722 1691 3786 sibi
1758 3739 1892 3786 non
1962 3719 2393 3785 mediocriter
2456 3719 2778 3784 videatur
2824 3724 3007 3784 astu-

657 3847 774 3907 tus
837 3861 918 3907 ac
987 3844 1277 3924 110108118,
1349 3849 1585 3910 tamen
1655 3846 2014 3926 hucusque
2085 3861 2222 3909 non
2294 3844 2466 3908 satis
2533 3843 2857 3908 callidum
2926 3861 3013 3910 ac

657 3965 1009 4031 sollertem
1063 3984 1136 4032 se
1182 3970 1494 4049 praebuit
1545 3973 1624 4033 ut
1669 3970 2087 4050 perspiceret
2135 3974 2243 4033 τὸν
2292 3969 2459 4052 ἥττω
2504 3967 2693 4048 λόγον
2740 3969 2814 4032 111
2861 3968 3013 4034 vita

657 4089 1016 4172 cotidiana,
1085 4091 1274 4156 cives
1343 4093 1399 4156 si
1469 4093 1652 4157 inter
1721 4110 1871 4159 sese
1933 4093 2255 4159 adhibere
2312 4094 2695 4174 studerent,
2759 4093 3011 4158 consis-

655 4215 806 4278 tere
873 4231 1008 4279 non
1071 4231 1286 4296 posse.
1357 4215 1732 4297 Hucusque
1798 4218 2009 4298 igitur
2071 4219 2352 4282 omnino
2413 4235 2550 4282 non
2612 4217 3015 4283 attenderat

655 4339 739 4402 ad
808 4338 896 4420 111,
965 4339 1141 4418 quod
1210 4345 1449 4420 gratus
1519 4341 1635 4405 ille
1697 4345 2153 4424 acceptusque
2216 4343 2421 4426 ἥττων
2486 4341 2670 4421 λόγος
2732 4359 3010 4408 0111110111

658 4463 1014 4526 amitteret
1110 4465 1400 4543 gratiam
1505 4466 2090 4547 suavitatemque,
2192 4468 2260 4532 in
2356 4469 2585 4549 ipsum
2680 4470 2738 4531 si
2830 4466 3016 4532 alter

657 4585 975 4649 adhibere
1035 4591 1416 4652 conaretur.
1485 4589 1847 4653 Rusticum
1911 4591 1994 4654 ad
2061 4590 2129 4654 id
2195 4608 2330 4656 non
2393 4592 2795 4672 attendisse,
2846 4592 3015 4671 quid

661 4711 768 4771 est
813 4710 988 4788 quod
1038 4710 1385 4775 miremur.
1463 4713 1558 4777 At
1604 4712 2046 4796 philosophos
2090 4718 2161 4778 et
2208 4732 2293 4779 ne
2334 4715 2688 4780 Socratem
2731 4716 3015 4795 quidem
