3478 5737
1786 611 1911 674 158

675 804 1024 871 καλύπτου.
1049 806 1100 875 1)
1171 804 1600 887 Strepsiades
1661 802 2181 889 ἐγκαλυψάμενος
2250 806 2600 888 φροντίζων
2648 805 2795 888 ipse
2846 806 3024 871 ultro

677 949 757 997 ac
839 949 964 996 sua
1033 931 1278 1011 sponte
1347 928 1418 991 in
1489 931 1636 994 tres
1703 930 1945 995 indicit
2014 928 2271 1013 γνώμας
2340 934 2829 1016 ἀποστερητικάς
2897 936 3024 1008 (VS.

680 1056 830 1137 730,
895 1055 1069 1131 747).
1132 1090 1184 1099 -
1249 1053 1628 1135 φαρμακίδα
1693 1054 2012 1137 Θετταλῆν
2069 1056 2445 1122 conducere
2492 1060 2781 1139 poterat,
2832 1054 3028 1120 cuius

679 1196 804 1260 ope
854 1179 912 1245 si
961 1178 1194 1243 lunam
1244 1183 1451 1244 noctu
1496 1196 1533 1244 e
1581 1179 1765 1245 coelo
1812 1181 2175 1247 deductam
2226 1181 2663 1247 concluderet
2708 1182 2775 1245 in
2826 1197 3029 1261 capsa

681 1304 997 1385 rotunda,
1045 1303 1302 1385 speculi
1343 1302 1510 1385 loce,
1551 1320 1800 1369 usuras
1836 1304 2103 1371 solvere
2140 1321 2276 1370 non
2314 1306 2613 1388 amplius
2650 1307 3027 1385 cogeretur.

771 1428 1028 1493 Deinde
1089 1430 1334 1510 sponte
1395 1444 1522 1493 sua
1581 1431 1929 1509 excogitat
1984 1429 2343 1511 rationem,
2393 1446 2529 1509 qua
2570 1427 3029 1494 accusationis

683 1552 921 1617 literae
997 1552 1349 1618 obliterari
1427 1552 1730 1634 possint3
1800 1571 1921 1634 per
1982 1554 2242 1618 vitrum
2305 1554 2493 1618 enirn
2560 1550 3026 1637 „causticum”

682 1677 792 1741 vel
843 1676 1272 1761 „ustorium”
1320 1676 1496 1756 quod
1542 1675 1886 1758 appellare
1927 1678 2132 1741 velim
2167 1683 2305 1759 (τὴν
2341 1677 2546 1758 λίθον,
2580 1684 2694 1759 τὴν
2728 1678 3025 1757 διαφανῆ,

681 1807 793 1882 τὴν
854 1800 1072 1883 ὕαλον,
1137 1818 1239 1865 vs.
1305 1800 1429 1863 767
1495 1800 1619 1881 sq.)
1666 1800 1959 1865 codicilli
2006 1818 2230 1866 ceram
2283 1803 2693 1882 liquefacere
2740 1804 3027 1884 poterat,

681 1945 724 1991 a
783 1926 1044 1991 scribae
1093 1928 1283 2005 tergo
1330 1924 1634 2005 ἂπωιέρω
1683 1930 1831 1999 στὰς
1878 1923 1997 1990 ὧδε
2042 1930 2185 2009 (per
2229 1931 2501 2007 gestum
2549 1928 2831 2003 indicat)
2880 1931 3031 2010 πρὸς

683 2057 790 2117 τὸν
841 2050 1040 2135 ἣλιον.

775 2176 1210 2241 Postremum
1250 2172 1515 2239 Socrati
1554 2176 1845 2256 roganti,
1879 2191 2014 2256 quo
2046 2180 2245 2257 pacto
2280 2176 2349 2239 in
2384 2175 2711 2239 iudicium
2746 2178 3032 2240 vocatus

687 2302 1038 2365 averteret
1083 2298 1746 2382 condemnationem,
1797 2298 2195 2380 respondet:

956 2422 1326 2505 φαυλότατα
1373 2430 1475 2487 καὶ
1525 2426 1736 2511 ῥᾷστ’·

954 2554 1006 2613 εἰ
1053 2551 1409 2633 πρόσθεν..
1440 2597 1496 2611 ..
1545 2548 1958 2632 ἀπαγξαίμην
2007 2550 2239 2635 τρέχων
2288 2548 2705 2630 (778-780).

779 2674 1026 2739 Omnia
1081 2674 1249 2740 haec
1295 2674 1736 2739 fraudulenta
1783 2674 2073 2739 inventa
2118 2673 2534 2755 ineptiarum
2582 2672 3033 2736 innocuarum

688 2814 836 2862 esse
896 2798 1136 2880 instar,
1201 2815 1373 2878 quae
1421 2814 1642 2879 neque
1692 2797 1959 2862 Socrati
2005 2814 2227 2880 neque
2274 2796 2743 2879 philosophiae
2790 2794 3037 2859 studiis

687 2939 774 2986 ne
805 2923 1158 2988 tantulum
1190 2923 1467 3005 quidem
1498 2923 1879 2988 detrectare
1910 2922 2041 2987 sibi
2076 2927 2375 3004 sumant,
2410 2921 2642 3002 quivis
2674 2919 3033 2999 intellegit.

691 3046 903 3111 Poeta
964 3046 1222 3112 talibus
1280 3047 1550 3112 facetiis
1613 3047 1785 3112 nihil
1847 3046 2033 3112 aliud
2096 3046 2273 3111 effici
2340 3045 2561 3110 voluit
2622 3045 2756 3109 nisi
2823 3045 3033 3108 risum

691 3171 1215 3253 cachinnosque,
1264 3187 1434 3251 quos
1481 3170 1923 3252 Franco-galli
1972 3173 2226 3235 vocant
2278 3171 2331 3234 le
2370 3187 2529 3251 gyros
2573 3168 2721 3232 rire.
2744 3166 2795 3244 2)

776 3416 824 3495 1)
868 3415 935 3474 Si
989 3417 1078 3474 sic
1136 3415 1402 3474 Socratis
1459 3435 1809 3495 responsum
1852 3415 1963 3494 (vs.
2008 3417 2127 3474 740
2168 3417 2325 3492 sqq.)
2364 3416 2847 3491 interpretamur,
2892 3433 3040 3490 opus

699 3513 943 3572 minime
984 3513 1231 3572 videtur
1271 3533 1407 3572 cum
1448 3515 1596 3572 viris
1639 3514 1835 3574 doctis
1875 3511 1979 3588 (cf.
2022 3513 2299 3590 Kocme,
2341 3511 2529 3590 praef.
2564 3533 2621 3590 p.
2660 3513 2756 3587 50,
2787 3510 3042 3568 Tauru-

699 3631 836 3688 LIUS,
883 3612 943 3668 in
984 3610 1200 3669 Philol.
1247 3612 1418 3688 1852,
1461 3631 1600 3690 pag.
1643 3612 1761 3669 325
1806 3630 1956 3687 sqq.,
2002 3610 2292 3686 Numana,
2336 3609 2559 3670 Mnem.
2600 3610 2773 3686 1883,
2802 3629 2861 3686 p.
2891 3609 3038 3682 3203

699 3709 1108 3786 Hmnnunsrus,
1172 3709 1274 3784 qui
1335 3708 1600 3768 refutare
1657 3713 1910 3766 conatur
1962 3709 2274 3785 scrupulos
2327 3728 2385 3785 p.
2444 3709 2521 3766 23
2576 3707 2730 3782 sqq.)
2772 3707 3041 3783 accipere

700 3806 798 3865 hic
839 3811 1112 3865 suturam
1153 3825 1286 3865 esse
1325 3808 1724 3885 perspicuam,
1770 3805 2027 3883 duplicis
2068 3807 2435 3866 recensionis
2477 3805 2783 3864 indicium.

777 3905 828 3976 2)
883 3903 1033 3963 Cum
1087 3905 1439 3982 plerumque
1494 3902 1931 3981 Aristophanes
1974 3923 2051 3962 ex
2092 3923 2224 3962 mea
2266 3904 2509 3978 quidem
2550 3903 2853 3962 sententia
2894 3901 3046 3959 nihil

701 4001 866 4060 aliud
926 4006 1160 4078 spectet
1220 4021 1398 4077 quam
1461 4001 1799 4078 cachinnos,
1858 4020 1977 4060 non
2032 3999 2141 4060 abs
2194 4019 2259 4059 re
2314 3999 2561 4060 videtur
2612 3997 2937 4059 lectoribus
2980 4000 3043 4056 in

701 4099 1046 4157 memoriam
1101 4118 1382 4158 revocare
1439 4118 1590 4173 quae
1644 4105 1899 4159 venuste
1957 4098 2035 4157 de
2090 4100 2217 4157 risu
2258 4097 2450 4158 effuso
2492 4098 2633 4156 olim
2675 4097 2922 4175 scripsit
2962 4096 3041 4154 D.

700 4195 998 4255 Nisardus
1059 4196 1352 4274 (Histoire
1415 4195 1473 4254 d.
1539 4196 1576 4254 l.
1638 4196 1857 4254 literat.
1916 4195 2229 4274 frmicaise,
2286 4197 2379 4254 6⁸0
2433 4195 2578 4255 edit.
2636 4201 2797 4254 tome
2839 4194 2945 4254 ΙΙΙ
2983 4214 3041 4271 p.

700 4295 778 4352 85
820 4295 964 4368 sq.):
1013 4293 1138 4366 „La
1178 4295 1252 4352 ou
1296 4293 1560 4352 l'interet
1600 4293 1758 4352 n'est
1800 4312 1916 4368 que
1957 4295 2017 4352 le
2057 4294 2269 4371 plaisir
2309 4293 2385 4352 de
2428 4294 2487 4352 la
2528 4294 2814 4371 surprise,
2858 4290 3045 4351 l’effet

701 4391 834 4449 doit
887 4394 1016 4450 etre
1068 4391 1118 4449 le
1169 4409 1306 4464 {fros
1361 4392 1497 4449 rire.
1561 4391 1717 4450 Mais
1774 4392 1831 4450 le
1883 4411 2024 4468 gros
2066 4393 2185 4450 rire
2226 4393 2387 4450 est-il
2432 4391 2586 4449 donc
2626 4392 2679 4449 si
2718 4395 2757 4449 a
2798 4389 3047 4466 dedaig-

701 4488 852 4547 ner?
913 4488 1200 4546 Heureux
1244 4490 1300 4547 le
1341 4487 1518 4564 genie
1561 4491 1597 4546 a
1636 4489 1743 4562 qui
1782 4489 1827 4546 il
1870 4509 1907 4548 a
1946 4488 2042 4546 ete
2085 4487 2283 4546 donne
2323 4488 2401 4547 de
2428 4487 2733 4548 l’exciter!
2780 4488 3045 4546 heureux

703 4587 761 4644 le
800 4589 1144 4662 spectateur
1185 4587 1284 4660 qui
1327 4605 1392 4644 se
1437 4585 1625 4644 dilate
1669 4606 1744 4644 au
1788 4585 2054 4644 theatre!
2118 4586 2209 4644 Le
2250 4587 2369 4644 rire
2412 4585 2652 4663 delicat,
2697 4605 2765 4643 ce
2808 4586 2925 4642 rire
2967 4583 3045 4640 de

704 4683 953 4760 l’esprit,
1017 4703 1132 4758 que
1193 4702 1495 4760 provoque
1559 4683 1615 4740 le
1678 4683 1931 4742 ridicule
1992 4683 2278 4742 finement
2338 4683 2621 4760 exprime,
2688 4683 2867 4741 laisse
2927 4699 3047 4740 une

705 4780 1173 4858 arriere-pensee
1215 4783 1390 4840 triste
1434 4787 1496 4838 et
1538 4801 1767 4840 comme
1810 4801 1889 4839 un
1932 4783 2329 4858 arriere-gofit
2358 4782 2780 4855 d'amertume3
2822 4781 2881 4838 le
2902 4799 3045 4857 gros
