3478 5737
837 1078 1434 1156 CAPITUM
1505 1074 2403 1155 CONSPECTUS.

1271 1501 1324 1563 Ρ
1349 1501 1402 1563 R
1421 1501 1476 1564 Ο
1495 1500 1558 1565 0
1583 1501 1633 1562 Ε
1659 1500 1726 1562 Μ
1758 1500 1773 1562 1
1803 1500 1856 1562 U
1888 1499 1979 1565 Μ.

2594 1588 2779 1655 Pagg.

455 1686 553 1748 De
617 1687 1020 1770 singulorum
1070 1688 1298 1751 civium
1342 1687 1649 1749 libertatis
1687 1687 1918 1750 studiis
1958 1686 2353 1765 reipublicae
2392 1686 2579 1747 satuti

537 1828 744 1891 saepe
791 1812 1112 1892 oppositis
1146 1861 2575 1880 .................................
2758 1821 2788 1875 1

1039 2023 1171 2085 ΟΕ
1242 2020 1688 2085 Noenum
1766 2021 2213 2084 FABULA-

1315 2186 1560 2237 PARS
1603 2184 1899 2237 PRIOR

701 2322 800 2384 De
850 2324 1182 2405 utriusque
1228 2330 1454 2406 Λόγου
1500 2324 1858 2386 certamine
1906 2327 2031 2409 (νε.
2080 2320 2549 2405 889-1105).

456 2490 519 2551 C.
622 2492 671 2549 I.
757 2490 882 2551 Cur
919 2499 1099 2570 poeta
1139 2492 1488 2572 Improbum
1529 2492 1746 2552 fecerit
1785 2494 2129 2551 vincentem
2162 2537 2589 2549 ........
2715 2494 2793 2551 27

455 2604 520 2665 O.
589 2607 672 2665 II.
757 2608 852 2665 De
889 2608 1076 2667 Probi
1119 2614 1299 2684 atque
1341 2608 1612 2687 Improbi
1655 2608 1883 2667 comica
1922 2607 2297 2685 oppositione
2336 2652 2589 2663 .....
2714 2608 2795 2666 39

454 2722 520 2783 C.
563 2722 681 2781 ΠΙ.
763 2724 858 2783 De
900 2725 1084 2783 variis
1113 2726 1377 2783 virorum
1405 2724 1718 2784 doctorum
1750 2724 1827 2783 de
1856 2723 2183 2781 certamine
2213 2722 2595 2800 opinionibus
2716 2726 2795 2783 58

1273 2931 1660 2983 ALTERA
1705 2930 1968 2982 PARS.

629 3066 976 3135 Quaenam
1029 3069 1388 3131 intercedat
1437 3069 1594 3131 ratio
1645 3069 1809 3130 inter
1856 3068 2067 3130 rustici
2118 3085 2199 3130 ac
2248 3067 2613 3147 philosophi

1260 3191 1516 3279 (Chori,
1557 3191 1697 3277 titii)
1749 3197 1986 3272 partes.

455 3387 520 3446 C.
623 3386 674 3445 Ι.
757 3387 854 3446 De
895 3389 1084 3448 totius
1125 3387 1366 3448 fabulae
1405 3390 1712 3468 proposito
1736 3433 2595 3448 ...............
2718 3391 2795 3448 72

454 3499 520 3560 O.
591 3501 674 3558 H.
760 3501 856 3559 De
897 3503 1060 3560 Actu
1101 3503 1294 3580 primo
1338 3503 1451 3580 (νε.
1499 3503 1756 3582 1—512)
1804 3547 2594 3562 ..............
2718 3506 2795 3562 82

454 3615 522 3676 C.
565 3615 684 3692 m,
729 3619 799 3675 A.
885 3618 980 3676 De
1023 3617 1203 3677 Chori
1243 3618 1536 3677 Parabasi
1578 3619 1691 3696 (vs.
1735 3618 2077 3696 513—626)
2103 3661 2595 3676 .........
2684 3620 2797 3678 135

725 3731 801 3789 Β.
883 3731 980 3790 De
1019 3732 1184 3791 Actu
1224 3732 1488 3792 secundo
1532 3733 1644 3810 (νε.
1687 3733 2029 3808 627—813)
2043 3777 2594 3791 ..........
2682 3735 2801 3793 144

454 3841 521 3902 O.
563 3843 676 3904 IV.
757 3845 856 3904 De
895 3847 1058 3905 Actu
1099 3847 1280 3906 tertio
1320 3849 1434 3924 (νε.
1478 3847 1879 3922 814-1130).
1926 3893 1938 3906 .
1986 3895 1997 3904 .
2044 3893 2057 3906 .
2106 3894 2116 3902 .
2164 3891 2597 3906 ........
2684 3850 2796 3909 161

454 3955 522 4016 O.
593 3959 668 4018 V.
751 3959 848 4018 De
888 3960 1052 4018 Actu
1093 3965 1308 4035 quarto
1347 3959 1459 4038 (νε.
1507 3963 1929 4036 1131-132Ο)
1984 4006 2597 4021 ...........
2686 3966 2800 4023 166

453 4070 522 4131 O.
567 4072 674 4131 VI.
757 4073 856 4133 De
898 4074 1062 4132 Actu
1102 4076 1312 4150 quinto
1355 4074 1466 4152 (νε.
1515 4077 1933 4153 1321—1510)
1990 4119 2597 4133 ...........
2688 4079 2801 4136 184

1316 4433 1332 4440 ..
1397 4433 1435 4438 .-
1450 4418 1946 4453 ..ἣ-μ--
