3478 5737
1839 589 1921 650 22

697 785 976 864 linguae
1003 784 1493 863 stomachoque
1520 783 1759 847 reddat
1787 783 2017 878 minus
2035 784 2296 865 acerba,
2316 785 2710 864 haustuque
2727 784 3051 850 faciliora.

697 907 808 973 Sic
867 907 1130 988 egregie
1192 923 1272 972 ac
1329 907 1678 987 ingeniose
1739 943 1804 952 —
1858 909 2171 972 attamen
2221 909 2444 973 lectori
2488 909 2781 974 fortasse
2828 910 3049 988 primo

693 1034 946 1097 obtutu
995 1031 1230 1113 inepte
1275 1034 1486 1111 atque
1533 1032 1827 1096 absurde
1880 1069 1941 1076 —
2000 1032 2172 1097 duas
2218 1050 2328 1097 res
2374 1049 2655 1114 prorsus
2687 1033 2869 1098 inter
2896 1049 3049 1098 sese

693 1157 1044 1238 oppositas
1091 1157 1162 1221 in
1197 1156 1727 1237 Aristophaneis
1766 1157 2131 1221 comoediis
2164 1157 2561 1222 invenimus
2592 1158 3047 1222 consociatas:

698 1282 844 1345 dico
913 1317 974 1326 ——
1034 1297 1208 1361 quae
1277 1281 1416 1345 iam
1485 1279 2029 1359 significavimus
2106 1317 2167 1326 —-
2222 1282 2523 1346 studium
2588 1283 2687 1347 rei
2744 1282 3045 1364 publicae

696 1405 1044 1471 commodis
1104 1405 1372 1486 favendi
1431 1377 1502 1468 et
1561 1405 1968 1469 voluntatem
2026 1405 2449 1486 sinyulorwm
2500 1406 2826 1470 libertatis
2870 1406 3045 1470 blan·

696 1529 914 1595 diendi
979 1530 1537 1608 inclinationibuS,
1609 1545 1687 1593 eo
1752 1528 2033 1593 consilio
2083 1529 2449 1594 coniuncta
2494 1532 2576 1594 ut
2620 1529 2693 1595 et
2740 1529 3041 1594 maximo

695 1653 938 1733 gaudio
971 1654 1394 1734 spectatores
1425 1651 1818 1715 afficiantur
1850 1651 1921 1715 et
1950 1652 2098 1732 ipse
2132 1651 2372 1716 hilaris
2402 1652 2801 1716 auditorum
2832 1652 3043 1716 animi

693 1777 982 1842 affectus
1004 1776 1328 1857 praebeat
1352 1775 1772 1840 occasionem
1800 1775 2039 1854 gravia
2062 1791 2442 1857 asperaque
2466 1777 2733 1858 impune
2752 1776 3042 1840 dicendi.

784 1899 1166 1965 Dolendum
1231 1902 1466 1965 autem
1535 1903 1644 1964 est
1707 1899 1929 1980 ipsam
1997 1899 2447 1981 hilaritatem,
2516 1917 2726 1980 quam
2788 1919 3049 1985 semper

699 2040 974 2090 movere
1035 2026 1325 2089 conatur
1389 2027 1640 2104 noster,
1689 2023 2069 2106 prohibere,
2120 2024 2489 2104 quominus
2532 2025 3051 2091 adhortationes

701 2148 1376 2230 vituperationesque
1423 2147 1563 2212 alte
1611 2147 2028 2212 descendant
2074 2147 2143 2212 in
2192 2149 2589 2214 auditorum
2637 2148 2946 2214 animum
2977 2149 3045 2212 in

697 2290 911 2352 eoque
959 2272 1074 2337 diu
1121 2274 1471 2354 haereant,
1520 2272 1831 2352 exceptis
1870 2272 2160 2337 fortasse
2198 2272 2368 2354 ipsis
2404 2273 2701 2354 privatis
2741 2273 2860 2353 qui
2885 2273 3051 2338 ludi-

699 2399 844 2462 brio
893 2397 1108 2462 habiti
1158 2399 1318 2479 sint,
1368 2397 1565 2461 modo
1614 2397 1919 2461 nondum
1968 2397 2155 2461 omni
2194 2397 2465 2462 honesti
2500 2401 2785 2463 careant
2815 2415 3047 2463 sensu.

699 2523 906 2588 Risus
951 2523 1136 2587 enim
1183 2526 1395 2603 atque
1443 2522 1759 2586 cachinni
1808 2522 2023 2587 serias
2060 2523 2275 2586 animi
2314 2523 2802 2605 impressiones
2826 2523 3049 2588 solent

701 2647 1100 2713 oblitterare
1149 2647 1258 2711 vel
1305 2648 1539 2729 potius
1583 2647 1781 2711 seriis
1819 2647 2379 2727 reputationibus
2417 2648 2727 2712 animum
2758 2649 3050 2712 reddunt

703 2773 934 2837 minus
1000 2775 1264 2852 aptum.
1359 2772 1538 2853 Quin
1606 2772 1817 2836 etiam
1897 2809 1957 2817 ——
2033 2773 2090 2836 si
2160 2773 2589 2837 attendimus
2654 2774 2737 2837 ad
2812 2777 3049 2854 poetae

702 2898 921 2980 ipsius
981 2898 1340 2962 consilium
1405 2934 1467 2943 —-
1525 2898 1973 2962 statuendum
2038 2898 2314 2963 videtur
2374 2898 2846 2963 cavillatorem
2906 2914 3050 2963 nos-

701 3026 911 3103 trum,
973 3022 1032 3086 si
1092 3022 1440 3086 interdum
1507 3038 1711 3085 suum
1760 3038 1913 3085 esse
1960 3038 2202 3085 revera
2248 3024 2455 3103 putat
2502 3026 2583 3088 ut
2630 3022 2829 3087 seriis
2874 3022 3049 3102 cogi-

703 3146 1086 3212 tationibus
1147 3145 1452 3226 aliquam
1519 3146 1793 3210 fabulae
1866 3161 2226 3226 personam
2290 3146 2501 3211 faciat
2561 3147 3049 3228 indulgentem,

708 3271 773 3335 id
843 3271 1138 3351 studere,
1211 3274 1290 3335 ut
1349 3270 1590 3334 statim
1653 3270 2167 3334 absurdissimis
2229 3271 2501 3335 facetiis
2560 3288 2803 3336 omnes
2863 3286 3051 3351 repu-

706 3395 1006 3459 tationes
1089 3412 1368 3460 severas
1436 3410 1811 3473 omnesque
1878 3394 2291 3459 offensiones
2360 3394 2591 3459 animo
2660 3396 3047 3460 auditorum

708 3519 1058 3599 detergeat
1105 3519 1472 3599 locumque
1519 3519 1637 3583 det
1683 3521 1962 3604 ἀσβέστῳ
1994 3518 2177 3600 γέλῳ.
2229 3518 2465 3589 Serius
2496 3536 2645 3583 esse
2672 3536 2804 3584 non
2833 3534 3049 3600 posse,

710 3643 960 3707 saltem
1005 3660 1142 3707 non
1191 3644 1388 3725 velle,
1439 3643 1712 3709 videtur
1736 3644 2039 3708 comicus
2063 3650 2318 3725 noster,
2345 3643 2508 3707 licet
2532 3660 3051 3723 nonnumquam

711 3768 840 3832 sibi
887 3770 1120 3832 sumat
1164 3770 1243 3832 ut
1291 3768 1647 3849 pergravia
1693 3768 1897 3833 dicat.
1946 3769 2219 3850 RidenS,
2256 3785 2427 3848 quae
2466 3768 2733 3833 efficere
2772 3770 3053 3849 possent

713 3892 1098 3958 comoediae
1139 3909 1323 3973 suae,
1359 3892 1552 3971 quasi
1595 3892 1877 3956 disicere
1901 3877 2407 3972 atque'diruere
2432 3893 2644 3974 amat,
2674 3909 2758 3957 ne
2783 3894 3055 3957 cessent

711 4017 893 4082 risus
951 4018 1162 4096 atque
1224 4014 1559 4097 cachinni,
1625 4016 1877 4097 quibus
1924 4032 2429 4103 ‘saepenumero
2477 4015 2539 4080 ei
2588 4014 3055 4097 posthabenda

712 4141 1040 4205 videntur
1063 4138 1474 4220 reipublicae
1502 4140 1857 4205 commoda
1881 4140 2401 4219 honestatisque
2425 4140 2728 4205 rationes
2752 4140 2859 4219 (cf.
2877 4158 2939 4221 p.
2972 4140 3051 4203 13

715 4268 786 4331 et
831 4280 1004 4345 quae
1051 4266 1292 4345 postea
1337 4264 1544 4328 huius
1589 4264 1684 4329 rei
1725 4280 1799 4328 se
1831 4264 2123 4329 offerent
2148 4264 2464 4346 exempla
2487 4263 2557 4340 1).
2604 4264 2812 4329 Hisce
2836 4265 3053 4328 obser-

715 4388 1112 4455 vationibus
1157 4387 1654 4467 quodammodo
1700 4389 2114 4469 refutantur,
2167 4388 2226 4453 si
2278 4389 2438 4468 quid
2487 4388 2705 4471 video,
2744 4388 3053 4453 Piersoni

716 4513 1009 4579 aliorum
1059 4530 1231 4593 quas
1277 4512 1684 4577 rettulimus
1729 4513 2104 4595 opiniones„

796 4672 846 4745 1)
889 4670 1058 4743 Quae
1100 4669 1376 4729 Kockius
1418 4672 1483 4728 in
1525 4668 1642 4730 fine
1675 4670 1985 4729 Ranarum
2007 4674 2121 4747 (ve.
2152 4672 2539 4729 143'·—1441
2566 4675 2630 4728 et
2654 4668 3070 4748 1452—1453)

720 4766 1081 4827 emblemata
1123 4787 1259 4827 0330
1301 4774 1524 4845 censet,
1567 4788 1678 4827 nos
1722 4768 1951 4827 dictam
1996 4766 2072 4827 ob
2114 4788 2353 4829 causam
2396 4768 2671 4846 cupimus
2712 4786 2969 4829 servare.
