3478 5737
1496 569 1616 631 111

469 768 504 839 ἓ
565 764 627 827 9.
721 763 934 828 Hisce
993 763 1420 845 interpositis
1480 742 2081 828 observationibus
2142 763 2500 829 videamus
2557 782 2732 847 quae

392 886 702 951 Socrates
763 904 926 952 suae
985 886 1192 951 addat
1255 887 1747 969 explanationi.
1824 886 2077 970 „Humi
2128 888 2390 969 stanS,'’
2438 890 2537 953 sic
2586 890 2728 954 fere

385 1012 618 1092 pergit,
699 1012 926 1094 „nullo
996 1010 1196 1075 modo
1265 1028 1539 1091 possem
1607 1014 1893 1077 κάτωθεν
1964 1012 2135 1077 τᾶνω
2199 1026 2492 1089 numeru,-
2540 1016 2729 1078 terra

383 1134 564 1199 enim
635 1135 706 1199 vi
775 1136 1070 1215 quadam
1139 1136 1223 1201 ad
1291 1153 1366 1201 se
1429 1137 1649 1201 trahit
1710 1138 2049 1202 humorem
2089 1136 2141 1213 1)
2190 1138 2728 1203 meditationiS.'’

381 1258 465 1323 Et
509 1261 706 1339 quasi
755 1260 1084 1324 benevole
1131 1260 1580 1342 philosophus
1627 1261 1854 1326 utitur
1900 1262 2236 1343 exemp10,
2276 1279 2313 1326 e
2350 1279 2423 1325 re
2461 1262 2725 1326 rustica

379 1384 612 1463 petito,
664 1388 742 1447 ut
787 1382 1060 1449 facilius
1103 1384 1462 1465 intellegat
1507 1384 1843 1465 agricola:

823 1490 1043 1575 πάσχει
1093 1490 1158 1554 δὲ
1207 1496 1398 1555 ταύτὸ
1446 1505 1630 1557 τοῦτο
1679 1497 1784 1555 καὶ
1837 1496 1911 1556 τὰ
1960 1492 2269 1574 κάρδαμα.

379 1596 842 1676 Strepsiadem
911 1598 1134 1662 totius
1201 1598 1686 1682 explicationis
1756 1599 1927 1665 nihil
1999 1598 2427 1664 intellexisse
2500 1616 2585 1663 ex
2650 1616 2729 1663 eo

375 1724 678 1803 apparet,
727 1722 904 1803 quod
955 1739 1077 1803 pro
1124 1739 1250 1787 sua
1297 1723 1678 1788 stoliditate
1724 1721 2217 1788 absurdissime
2266 1728 2495 1804 rogat:

913 1850 974 1911 τί
1019 1851 1178 1931 ‹mc›-

727 1958 762 2033 ἡ
813 1960 1068 2037 φροντὶς
1111 1954 1269 2019 ἕλκει
1319 1960 1430 2039 τὴν
1481 1954 1693 2037 ἰκμάδ’
1745 1940 1827 2029 εἷς
1874 1959 1951 2020 τὰ
1998 1954 2291 2039 κάρδαμα
2307 1979 2328 2031 ,·

449 2102 498 2179 1)
542 2102 643 2161 Sic
683 2111 918 2163 vertere
961 2107 1146 2165 velim
1189 2126 1396 2165 vocem
1437 2107 1662 2183 ἰκμάδα
1703 2108 1820 2181 (va.
1863 2106 2021 2179 233).
2066 2104 2287 2181 Itaque
2340 2102 2727 2179 Schneidero,

375 2199 626 2277 KockiO,
680 2202 1060 2280 LeeuweniO,
1119 2204 1275 2280 aliis,
1335 2223 1445 2281 per
1497 2222 1766 2277 vaporem
1808 2202 2209 2279 vertentibuS,
2254 2222 2373 2260 non
2418 2202 2729 2260 assentior.

377 2294 601 2355 Putare
655 2298 816 2355 enim
867 2298 925 2356 h.
972 2298 1009 2355 l.
1060 2298 1338 2357 Socrates
1401 2297 1652 2375 fingitur
1716 2332 1789 2340 —
1855 2298 2137 2357 nimirum
2200 2298 2332 2355 sine
2384 2298 2511 2355 uJJa
2570 2299 2733 2356 iusta

375 2412 555 2451 causa
606 2394 697 2453 sic
749 2394 868 2454 sibi
920 2402 1100 2473 poeta
1154 2396 1282 2474 ipse
1339 2416 1466 2454 rem
1509 2397 1734 2455 comice
1777 2396 2091 2474 proposuit
2135 2430 2208 2437 -—
2256 2396 2727 2470 acutissimeque

374 2492 736 2567 exprimere:
783 2496 894 2568 τὴν
937 2494 1232 2571 φροντίδα
1275 2514 1410 2553 esse
1452 2495 1843 2571 compositam
1888 2512 1959 2551 cz·
1986 2500 2135 2569 acre,
2168 2494 2397 2569 quires
2433 2494 2728 2551 caelestes

375 2595 552 2665 amat,
610 2595 672 2648 et
714 2610 786 2648 ω.-
824 2592 1073 2668 humore,
1119 2592 1224 2667 qui
1265 2592 1579 2650 terrestria
1621 2592 1806 2669 cupit,
1850 2591 1889 2649 i.
1933 2610 2009 2666 e.,
2049 2589 2278 2667 absque
2320 2590 2483 2649 omni
2528 2596 2727 2668 tropo-

373 2686 562 2763 logia:
607 2689 1008 2765 cogitationes
1045 2691 1308 2767 negotiis
1351 2687 1747 2748 terrestribus
1788 2690 1967 2746 nimis
2010 2688 2205 2747 solere
2251 2686 2550 2765 impediri.

453 2783 800 2844 Secundum
853 2786 1232 2845 Heraclitum
1287 2785 1382 2863 (fr.
1441 2788 1644 2855 74(54)
1700 2786 1862 2864 apud
1920 2786 2051 2843 Gal.
2109 2786 2187 2845 de
2228 2785 2412 2843 animi
2454 2784 2727 2843 moribus

371 2885 434 2956 5)
475 2883 644 2942 arida
685 2886 884 2944 anima
924 2891 1020 2944 est
1055 2887 1312 2963 optima:
1345 2885 1456 2960 αὕη
1491 2883 1688 2965 [ξηρὴ]
1719 2885 1893 2961 ψυχὴ
1924 2889 2259 2962 σοφωτάτη
2290 2889 2387 2952 (ex
2429 2883 2725 2960 Stephani

371 2981 716 3040 coniectura
754 3003 1158 3060 synonymum
1198 2983 1434 3042 uncinis
1477 2982 1909 3040 includendum
1953 2986 2207 3056 censeo).
2253 2979 2345 3041 Cf.
2388 2981 2461 3040 fr.
2500 2983 2577 3040 73
2601 2981 2731 3060 (53)

375 3099 470 3156 ap.
535 3077 703 3138 Stob.
768 3079 973 3140 Floril.
1037 3081 1110 3156 V,
1179 3082 1321 3140 120:
1389 3083 1534 3157 ἀνὴρ
1599 3079 1759 3136 ὁκότ·
1820 3083 1891 3137 ἄν
1953 3077 2270 3157 μεθυσθῇ,
2336 3083 2555 3153 ἄγεται
2622 3081 2729 3136 ὑπὸ

375 3179 578 3241 παιδὸς
653 3179 880 3252 ανηβου
951 3177 1396 3256 σφαλλόμενος,
1461 3179 1563 3234 οὐκ
1627 3181 1842 3234 ἐπαΐων
1906 3177 2011 3252 ὅκη
2077 3179 2289 3244 βαίνει,
2356 3177 2547 3254 ὑγρὴν
2616 3178 2726 3251 την

374 3275 585 3349 ψυχὴν
648 3275 830 3350 ἔχων.
917 3277 1030 3350 αὕη
1095 3272 1292 3355 [ξηρὴ]
1360 3277 1533 3352 ψυχὴ
1599 3275 1934 3352 σοφωτάτη
2002 3281 2097 3330 καὶ
2164 3278 2404 3352 ἀρίστη.
2494 3273 2727 3350 Operae

373 3373 636 3448 pretium
693 3378 787 3430 est
843 3371 1113 3430 conferre
1166 3374 1421 3430 Aristot.
1479 3373 1556 3431 de
1610 3379 1765 3450 part.
1822 3372 2061 3430 animal.
2104 3370 2223 3430 111.
2273 3373 2378 3429 10:
2424 3371 2566 3427 ὅταν
2610 3375 2725 3428 ἑλ-

377 3469 716 3526 κύσωσιν
757 3473 842 3542 (αι’
877 3471 1116 3549 φρένες)
1145 3473 1238 3546 ὐγ
1259 3473 1385 3549 ρότ
1405 3491 1546 3546 ητα
1575 3468 1810 3548 δἐρμην
1844 3475 1941 3526 καὶ
1969 3471 2513 3548 περιττωματικην,
2544 3466 2726 3533 εὐθὺς

372 3569 666 3640 ἐπιδήλως
724 3574 1012 3646 ταράττει
1066 3587 1177 3641 την
1217 3571 1472 3626 διάνοιαν
1517 3586 1612 3625 και
1658 3573 1769 3640 την
1812 3566 2123 3642 αἴσθησιν.
2182 3565 2493 3625 Socratem
2538 3600 2610 3607 —
2655 3573 2727 3624 ut

372 3664 558 3722 animi
628 3685 810 3724 causa
872 3666 938 3723 id
1000 3665 1218 3724 addam
1283 3701 1356 3708 —
1421 3685 1538 3724 non
1597 3685 1734 3723 cum
1797 3665 2108 3723 Heraclito
2168 3663 2247 3722 de
2309 3666 2515 3740 ψυχῆς
2579 3663 2724 3739 αὔης

368 3764 746 3838 praestantia
799 3765 1175 3823 consensisse
1225 3784 1417 3839 neque
1461 3765 1735 3821 timuisse
1778 3765 2043 3820 animum
2086 3783 2261 3820 suum
2304 3761 2433 3820 vino
2476 3760 2721 3838 made-re,

367 3879 484 3918 nos
538 3860 718 3920 docet
771 3862 1044 3920 Platonis
1101 3861 1478 3940 Symposion.
1548 3859 1720 3918 Inter
1776 3861 2061 3919 convivas
2124 3865 2297 3918 erant
2338 3859 2443 3918 alii
2485 3860 2722 3916 δυνατοὶ

369 3962 579 4024 πίνειν,
645 3959 748 4016 alii
809 3961 1108 4026 ἀδύνατοι,
1174 3959 1450 4018 Socrates
1513 3965 1718 4017 autem
1782 3959 2111 4035 excipitur:
2177 3957 2371 4021 ἱκανὸς
2434 3963 2559 4034 γαρ
2625 3961 2722 4013 καὶ

368 4056 714 4134 ἀμφότερα,
771 4058 930 4113 ὥστε
983 4059 1293 4134 ἐξαρκέσει
1337 4057 1496 4126 αὐτῷ
1540 4054 1771 4132 ὁπότερ’
1812 4057 1883 4111 ἄν
1928 4061 2175 4132 ποιῶμεν
2218 4054 2361 4130 (214
2395 4053 2495 4132 Α).
2558 4051 2723 4111 Alci-

367 4152 584 4210 biades
639 4173 747 4212 vas
803 4153 882 4212 ad
946 4155 1148 4212 vinum
1189 4153 1606 4230 refrigandum
1647 4152 2157 4228 animadvertens,
2200 4153 2336 4230 plus
2379 4157 2513 4210 octo
2556 4155 2722 4228 coty—

367 4251 568 4309 larum
627 4270 834 4328 capax,
899 4231 1105 4309 τοῦτον
1149 4255 1254 4324 (sc.
1302 4257 1400 4308 τὸν
1443 4251 1747 4328 ψυκτῆρα)
1793 4251 2297 4327 ἑμτλησαμενο(ς)
2340 4255 2569 4327 πρῶτον
2612 4253 2720 4324 μὲν

365 4356 597 4434 αὑτὸ(ς)
653 4361 882 4414 ἐκπιεῖν
938 4363 1234 4429 narratur,
1293 4359 1497 4414 ἔπειτα
1557 4359 1636 4429 τῷ
1697 4361 2005 4433 Σωκράτει
2050 4355 2309 4412 κελεύειν
2355 4359 2579 4431 ἐγχεῖν
2624 4359 2722 4412 καὶ

365 4467 500 4540 ἅμα
542 4467 730 4520 εἰπεῖν
794 4465 1117 4542 [lpide-piezu
1181 4469 1498 4542 Σωκράτη,
1563 4465 1605 4520 ὦ
1669 4464 1897 4541 ἄνδρες,
1954 4465 2020 4519 τὸ
2064 4463 2339 4539 σόφισμα
2383 4481 2477 4538 μοι
2522 4462 2719 4518 οὐδέν·

366 4561 584 4618 ὁπόσον
641 4567 764 4639 γὰρ
822 4563 893 4618 ἂν
959 4563 1170 4637 κελεύῃ
1230 4583 1338 4626 τις,
1385 4559 1662 4618 τοσοῦτον
1707 4565 1921 4617 ἑκπ-ιων
1966 4560 2129 4616 οὐδὲν
2171 4566 2407 4637 μᾶλλον
2450 4562 2532 4636 μη
2578 4577 2721 4615 ποτε

363 4657 690 4736 μεθυσθῇ.
757 4659 1190 4736 Cognoscimus
1233 4679 1308 4718 ex
1353 4657 1573 4716 talibus
1617 4658 1883 4716 Socratis
1931 4658 2212 4733 indolem,
2243 4658 2346 4732 qui
2376 4659 2509 4715 oiim
2540 4657 2720 4734 genio

365 4756 695 4834 indulgere
739 4759 866 4814 tum
909 4758 1136 4816 servire
1179 4757 1436 4835 tempori
1477 4755 1734 4816 amabat.
