3478 5737
1842 581 1883 642 8

695 783 926 844 tamen
998 795 1204 858 quam
1274 776 1576 840 maxime
1644 774 2058 855 reipublicae
2120 773 2411 838 interest
2474 789 3035 852 unumquemque

691 903 915 967 civem
977 905 1048 966 et
1095 903 1326 964 mente
1373 901 1446 963 et
1493 914 1769 980 corpore
1818 897 2085 978 valere3
2114 897 2432 962 invicem
2480 897 2664 961 enim
2714 896 2842 962 sibi
2891 913 3033 978 pro—

691 1026 887 1091 desse
968 1026 1220 1090 debent
1294 1024 1550 1088 civium
1643 1021 1830 1087 salus
1920 1025 2129 1101 atque
2200 1019 2511 1085 civitatis
2582 1022 3033 1087 conservatio.

697 1149 874 1214 Sane
959 1150 1016 1214 si
1083 1151 1251 1214 bene
1323 1148 1568 1211 morati
1636 1150 1871 1210 essent
1939 1163 2198 1228 omnes,
2270 1147 2454 1226 leges
2522 1164 2743 1227 neque
2814 1165 3035 1212 neces·

693 1275 912 1339 sariae
1001 1275 1234 1338 essent
1324 1288 1563 1352 neque,
1657 1270 1715 1334 si
1808 1270 2148 1352 adessent,
2246 1271 2609 1350 molestae;
2706 1288 2889 1352 nam,
2968 1271 3031 1335 id

693 1397 872 1478 quod
941 1396 1282 1478 praeclare
1343 1394 1521 1459 dixit
1582 1392 1981 1475 Aristippus
2048 1393 2255 1476 (apud
2309 1392 2495 1474 Diog.
2544 1394 2610 1458 Π
2656 1395 2767 1471 68)
2814 1395 3036 1459 adhuc

694 1537 934 1584 Verum
1014 1519 1331 1584 Videtur:
1405 1519 1782 1602 Ἐρωτηθείς
1854 1543 1998 1581 ποτε
2066 1521 2121 1598 (ὁ
2192 1516 2642 1600 Ἀρίστιππος)
2712 1519 2772 1581 τί
2844 1517 3031 1581 πλέον

692 1645 937 1731 ’ἔχουσιν
1009 1648 1068 1708 οἱ
1138 1643 1484 1725 φιλόσοφοι,
1539 1644 1686 1728 ἔφη·
1741 1647 1847 1708 ἐὰν
1920 1647 2146 1717 πάντες
2216 1648 2273 1707 οἱ
2344 1643 2524 1725 νόμοι
2596 1648 3037 1724 ἀναιρεθῶσιν,

703 1773 932 1852 ὁμοίως
978 1767 1356 1855 βιωσόμεθα.

787 1894 1228 1976 Legislatoris
1297 1897 1531 1960 autem
1602 1896 1710 1958 est
1768 1891 2126 1957 ,Iuvenalis
2188 1894 2399 1958 verba
2464 1892 2635 1969 (Sat.
2701 1891 2871 1956 XIV
2936 1909 3038 1956 vs.

699 2021 854 2096 321)
903 2019 1029 2084 sibi
1079 2019 1357 2099 infigere
1404 2019 1670 2082 animo:

794 2143 1226 2229 „Numquam
1274 2142 1458 2207 aliud
1507 2144 1777 2222 natura,
1826 2140 2011 2204 aliud
2060 2141 2401 2222 sapientia
2448 2141 2680 2206 dicit.’'

789 2267 990 2332 Ratio
1055 2267 1238 2331 enim
1321 2267 1393 2331 in
1460 2265 1721 2346 legibus
1792 2265 2167 2328 scribendis
2239 2266 2591 2330 hominum
2662 2283 2741 2330 ac
2812 2283 3041 2330 rerum

705 2395 813 2457 est
861 2392 1170 2456 habenda
1216 2395 1523 2456 naturae.
1798 2479 1809 2488 ·

790 2518 1142 2598 Quatenus
1223 2517 1337 2581 lex
1419 2516 1649 2596 aliqua
1716 2515 1923 2578 iustis
1992 2515 2262 2578 nitatur
2331 2516 2736 2596 rationibuS,
2806 2515 3040 2595 reique

703 2642 1012 2724 publicae
1073 2660 1152 2706 ac
1214 2641 1471 2706 civium
1519 2640 1737 2720 prosit
1784 2639 2013 2720 saluti,
2066 2640 2561 2718 quodammodo
2610 2641 2779 2721 legis
2840 2639 3043 2704 stabi-

703 2767 904 2831 litate
972 2783 1338 2848 possumus
1408 2765 1670 2830 metiri:
1765 2769 1966 2829 καίτοι
2031 2767 2169 2844 τόγε
2230 2767 2489 2830 ἑκάστου
2552 2771 2799 2845 ἀγαθὸν
2872 2767 3042 2852 σῴζει

700 2890 984 2969 ἕκαστον,
1030 2891 1194 2955 dicit
1260 2890 1674 2955 Aristoteles
1719 2890 2010 2967 (Politic.
2060 2893 2125 2956 ΙΙ
2172 2893 2258 2971 3).

793 3016 1030 3096 Neque
1091 3031 1253 3079 vero
1316 3031 1646 3092 umquam
1713 3015 2077 3095 quisquam
2138 3036 2226 3083 ex
2272 3018 2579 3098 antiquis
2626 3016 3048 3098 philosophis

704 3158 784 3205 ac
853 3140 1321 3223 scriptoribUS,
1394 3138 1510 3217 qui
1576 3140 1853 3219 quidem
1914 3140 1997 3204 de
2059 3141 2323 3222 optima
2371 3141 2782 3221 reipublicae
2830 3141 3048 3205 forma

705 3264 1130 3347 scripserint,
1192 3262 1539 3328 dubitavit
1600 3263 1767 3342 quin
1837 3264 2106 3345 legibus
2176 3266 2471 3330 sublatis
2531 3268 2655 3329 aut
2721 3264 3050 3345 neglectis

706 3388 1066 3453 tolleretur
1133 3388 1282 3468 ipsa
1351 3404 1461 3451 res
1529 3386 1820 3468 publica.
1893 3387 2079 3469 Quod
2152 3406 2353 3453 nemo
2428 3388 2643 3469 magis
2697 3388 3049 3469 perspicue

708 3512 940 3576 docuit
1008 3526 1214 3589 quam
1285 3509 1536 3592 cicere,
1599 3510 1797 3575 cuius
1858 3512 2024 3577 haec
2084 3515 2297 3577 verba
2357 3515 2499 3595 (pro
2558 3512 2872 3577 Cluentio
2941 3513 3048 3586 53)

710 3638 962 3700 referre
1009 3634 1300 3699 sufficit:

806 3761 1210 3845 „Indignum
1279 3762 1386 3823 est
1455 3760 1527 3824 in
1594 3778 1675 3825 ea
1735 3760 2019 3825 civitate
2082 3778 2255 3841 quae
2306 3762 2569 3841 legibus
2616 3761 3050 3825 contineatur

710 3884 965 3949 discedi
1025 3901 1066 3947 a
1126 3884 1408 3964 legibus.
1457 3882 1604 3948 Hoc
1649 3884 1835 3948 enim
1884 3884 2239 3949 vinculum
2285 3889 2393 3949 est
2438 3886 2645 3949 huius
2693 3885 3053 3966 dignitatis

716 4026 850 4087 qua
918 4008 1213 4072 fruimur
1257 4007 1329 4070 in
1376 4007 1744 4089 republica,
1792 4008 1919 4073 hoc
1964 4008 2493 4074 fundamentum
2536 4010 2895 4090 libertatis,
2942 4008 3054 4072 hic

715 4132 871 4197 fons
931 4131 1337 4211 aequitatis:
1385 4147 1583 4195 mens
1628 4134 1700 4195 et
1747 4132 2023 4197 animus
2068 4137 2139 4197 et
2184 4133 2543 4198 consilium
2591 4136 2665 4197 et
2710 4133 3057 4198 sententia

719 4254 1028 4319 civitatis
1072 4254 1301 4336 posita
1347 4258 1454 4319 est
1499 4254 1571 4319 in
1610 4255 1893 4335 legibus
1946 4256 2044 4319 Ut
2068 4272 2347 4337 corpora
2371 4260 2605 4321 nostra
2630 4256 2777 4321 sine
2803 4259 3053 4337 mente,

720 4380 818 4443 sic
864 4380 1113 4443 civitas
1160 4379 1308 4443 sine
1353 4378 1498 4459 lege
1545 4379 1690 4444 suis
1735 4378 2066 4462 partibus,
2117 4382 2195 4443 ut
2242 4382 2477 4445 nervis
2523 4384 2594 4445 et
2632 4379 2962 4461 sanguine
2986 4384 3057 4445 et

723 4504 1070 4585 membris,
1121 4504 1222 4568 uti
1263 4520 1399 4568 non
1431 4506 1680 4586 potest.
1726 4504 1985 4584 Legum
2011 4504 2311 4569 ministri
2340 4507 2811 4587 magistratus
2840 4505 3061 4585 legum

723 4628 1143 4709 interpretes
1226 4628 1504 4710 iudiceS,
1575 4627 1803 4707 legum
1881 4628 2173 4707 denique
2260 4628 2513 4693 idcirco
2582 4644 2820 4693 omnes
2886 4626 3066 4692 servi

727 4769 990 4839 sumuS,
1039 4757 1118 4816 ut
1163 4753 1360 4817 liberi
1408 4770 1557 4817 esse
1604 4752 2017 4837 possimUS.”
