3478 5737
1874 608 1997 672 106

756 805 890 869 dit:
949 807 1438 888 ἀεροβατοῦντα,
1503 804 1666 869 deos
1728 808 2309 885 contemnentem,
2366 804 2744 885 pessimum
2792 804 3118 887 quidque,

755 929 1018 994 rustico
1077 930 1614 1009 optatissimum,
1664 929 2090 994 suadentem.
2161 928 2428 994 Haecce
2474 930 2693 994 stulta
2740 928 2983 993 rustici
3032 929 3119 993 de

756 1054 1180 1135 philosophis
1241 1054 1470 1135 opinio
1531 1071 1574 1117 a
1621 1056 1823 1134 poeta
1870 1057 2224 1133 tamquam
2272 1055 2561 1119 ridicula
2606 1054 3119 1135 spectatoribus

757 1178 1167 1242 ostenditur.
1217 1178 1387 1242 Eam
1435 1178 1846 1260 opinionem,
1896 1178 2268 1243 effectuum
2308 1180 2725 1245 comicorum
2760 1178 3001 1260 gratia,
3039 1178 3113 1243 in

759 1302 985 1367 maius
1031 1320 1181 1367 esse
1228 1306 1502 1368 auctam
1555 1306 1634 1367 ut
1677 1303 1837 1367 inde
1886 1306 2287 1368 nasceretur
2333 1305 2510 1384 quod
2552 1304 2753 1369 Italis
2784 1321 3116 1385 praeeun-

755 1426 946 1491 tibus
1007 1427 1460 1491 caricaturam
1526 1427 1726 1491 hodie
1790 1426 2015 1491 dicere
2076 1427 2397 1508 solemus,
2462 1444 2662 1491 nemo
2711 1444 2849 1492 non
2896 1427 3115 1491 videt.

844 1552 988 1632 Quo
1037 1554 1236 1631 pacto
1283 1550 1495 1630 igitur
1542 1550 1859 1615 Socrates
1904 1567 2055 1615 sese
2104 1551 2351 1615 habere
2400 1550 2691 1615 debebat
2728 1566 2888 1629 erga
2929 1550 3112 1614 hanc

753 1674 995 1739 rustici
1066 1675 1352 1740 minime
1425 1674 1862 1739 honorificam
1938 1673 2383 1753 opinionem?
2453 1674 2818 1755 Nimirum,
2892 1676 2972 1737 ut
3038 1690 3117 1737 se

756 1815 890 1862 non
953 1799 1254 1863 invitum
1319 1797 1640 1863 iniuriam
1702 1798 1895 1862 illam
1958 1798 2100 1879 pati
2163 1796 2542 1879 simularet,
2608 1814 2885 1861 necesse
2935 1800 3113 1860 crat.

755 1922 941 2003 Opus
1002 1922 1187 1987 enim
1249 1922 1404 2003 fuit,
1469 1925 1548 1986 ut
1610 1938 1822 2003 quam
1886 1920 2188 1986 maxime
2250 1920 2425 1985 falsa
2488 1920 2829 2001 agricolae
2876 1920 3115 2001 opinio

757 2046 1297 2131 confirmaretur.
1399 2045 1697 2110 Simulat
1789 2046 1999 2125 igitur
2090 2044 2411 2109 Socrates
2492 2061 2567 2109 se
2649 2061 2819 2124 esse,
2898 2060 3113 2123 quem

758 2169 1062 2232 rusticus
1109 2172 1327 2249 putat,
1377 2169 1509 2251 vel,
1559 2168 1736 2250 quod
1786 2186 2069 2249 prorsus
2116 2170 2349 2233 eodem
2400 2169 2613 2233 redit:
2662 2167 2922 2232 rustico
2969 2168 3115 2247 opi·

757 2293 1030 2357 nionem
1115 2291 1361 2355 falsam
1432 2310 1566 2356 non
1640 2293 1927 2357 excutit.
2030 2292 2101 2356 Id
2174 2292 2599 2375 perspiciunt
2666 2295 3114 2372 spectatores,

758 2416 884 2498 Qui
963 2414 1243 2480 tandem
1313 2416 1409 2497 fit,
1481 2420 1561 2480 ut
1628 2420 2049 2498 spectatores
2116 2416 2182 2479 id
2256 2416 2553 2480 habeant
2614 2417 3118 2497 perspectum?

757 2540 988 2604 Primo
1055 2540 1296 2604 rustici
1345 2541 1709 2606 consilium
1758 2541 1968 2605 nimis
2013 2543 2167 2605 erat
2212 2540 2531 2621 stultum,
2581 2557 2787 2619 quam
2838 2544 2917 2603 ut
2963 2556 3113 2620 per·

757 2666 865 2729 fici
937 2682 1134 2746 posse
1204 2667 1566 2746 cogitaret·
1604 2664 1969 2747 quispiam,
2040 2665 2281 2729 deinde
2346 2664 2759 2744 quicumque
2822 2667 2901 2728 ut
2968 2682 3115 2729 rus·

758 2790 940 2855 ticus
989 2794 1220 2854 noster
1264 2790 1346 2854 ad
1397 2788 1811 2854 credendum
1858 2790 2098 2853 adduci
2148 2794 2378 2871 potest
2416 2789 2651 2852 Nubes
2689 2806 2931 2853 revera
2954 2807 3115 2853 esse

755 2915 928 2996 cleas,
993 2932 1243 2994 easque
1307 2915 1870 2996 philosophorum
1918 2915 2263 2997 fautriceS,
2314 2915 2699 2979 necessario
2750 2915 3116 2978 habendus

755 3043 864 3103 est
933 3057 1250 3120 vesanuS,
1300 3041 1414 3119 qui
1463 3041 1594 3105 sibi
1641 3040 1906 3120 egregie
1952 3040 2211 3121 imponi
2260 3040 2459 3104 facile
2508 3039 2848 3140 patiaturj
2898 3040 3111 3103 rusti·

757 3181 880 3228 cus
925 3164 1136 3244 igitur
1183 3181 1261 3228 eo
1310 3163 1629 3245 pervenit
1665 3163 2033 3246 stultitiae,
2068 3169 2147 3227 ut
2178 3167 2609 3244 spectatores
2642 3179 2715 3226 se
2744 3163 3114 3242 aliquanto

755 3287 817 3351 ei
879 3289 1228 3368 praestare
1291 3288 1606 3368 credant;
1673 3291 2031 3369 tantopere
2094 3288 2275 3351 enim
2342 3288 2413 3351 in
2476 3287 2703 3350 maius
2748 3291 2953 3351 aucta
3000 3293 3117 3352 est

756 3411 874 3476 illa
933 3412 1082 3476 eius
1143 3412 1468 3486 stultitia,
1532 3416 1610 3477 ut
1667 3429 1709 3477 a
1772 3429 1983 3477 cavea
2044 3412 2461 3494 sapientiore
2518 3411 2840 3476 vesaniae
2884 3411 3117 3476 instar

755 3536 1088 3600 habeatur
1150 3552 1430 3600 necesse
1493 3536 1624 3600 sit..
1691 3536 1889 3600 Hanc
1950 3537 2171 3618 ipsam
2218 3537 2305 3600 ob
2361 3553 2639 3600 causam
2692 3535 3115 3616 intellegunt

755 3663 1151 3739 spectantes
1235 3660 1589 3725 Socratem
1673 3661 1997 3725 simulare
2067 3679 2311 3726 verum
2384 3678 2555 3740 esse,
2629 3660 2802 3740 quod
2873 3655 2959 3723 de
3030 3677 3111 3723 eo

756 3782 1077 3862 opinatur
1141 3783 1608 3866 Strepsiades;
1657 3801 1813 3849 eam
1858 3785 2078 3865 ipsam
2126 3787 2211 3850 ob
2258 3801 2535 3848 causam
2586 3783 2821 3848 fabula
2866 3787 3113 3847 nostra

755 3906 929 3970 satis
988 3907 1282 3972 innocua
1343 3907 1658 3973 habenda
1716 3913 1821 3973 est
1888 3908 2114 3990 populi
2179 3907 2584 3972 oblectatio:
2648 3906 3113 3972 stultissimae

755 4030 995 4094 rustici
1053 4031 1568 4096 observationes
1619 4035 1901 4096 movent
1948 4033 2200 4111 risum;
2250 4032 2429 4111 quod
2476 4032 2771 4112 agricola
2817 4047 3109 4096 suorum

754 4171 1062 4219 errorum
1125 4156 1205 4219 fit
1267 4155 1658 4237 ludibrium,
1706 4156 1773 4219 id
1823 4157 2129 4220 suaviter
2174 4156 2389 4220 afficit
2436 4160 2878 4237 spectatores.
2952 4156 3112 4236 Dig-

757 4279 1050 4343 nitatem
1112 4279 1687 4360 maiestatemque
1748 4279 1969 4360 ipsius
2030 4279 2499 4360 philosophiae
2562 4297 2681 4360 per
2742 4295 2815 4343 se
2879 4278 3111 4360 ipsam

755 4400 852 4464 nil
915 4400 1254 4483 imminui,
1317 4403 1373 4466 si
1438 4402 1497 4466 ei
1563 4402 1852 4484 opponis
1900 4402 2135 4466 vesani
2184 4401 2476 4466 alicuius
2522 4402 2897 4482 opinioneS,
2949 4403 3113 4482 quis

755 4541 890 4588 non
971 4524 1236 4589 sentit?
1337 4525 1619 4590 Minime
1699 4525 2182 4607 necessarium,
2264 4526 2519 4590 nedum
2588 4524 2888 4590 stultum
2954 4529 3113 4591 erat

755 4651 1175 4728 spectatores
1219 4649 1495 4713 disertis
1542 4651 1773 4714 verbis
1818 4649 2078 4730 docere,
2130 4647 2484 4714 Socratem
2532 4666 2668 4714 non
2718 4649 2895 4714 serio
2942 4665 3107 4714 cum

754 4771 1010 4836 rustico
1102 4771 1544 4837 confabulari.
1663 4771 1872 4837 Tollis
1956 4773 2141 4837 enirn
2225 4789 2499 4838 omnem
2588 4773 2933 4854 facetiam,
3023 4773 3107 4858 si,
