3478 5737
1769 595 1892 657 134

743 788 911 853 Post
973 791 1136 855 haec
1199 788 1527 870 magister
1581 788 1916 871 discipulo
1965 790 2261 871 imperat
2307 792 2388 855 ut
2435 807 2509 856 se
2557 792 2887 871 sequatur
2934 791 3006 855 in

596 888 615 911 ⁶
654 912 1165 977 meditaculum.
1216 912 1457 978 Subito
1506 913 1711 977 huius
1758 913 1986 978 labare
2032 914 2256 995 coepit
2293 914 2587 995 animus,
2623 916 3002 992 tantusque

654 1040 883 1101 m‘etus
942 1054 1037 1101 ac·
1086 1037 1322 1101 horror
1382 1054 1543 1101 eum
1606 1037 1873 1101 invadit
1939 1072 2018 1083 —-
2085 1038 2366 1119 proinde
2428 1056 2507 1102 ac
2569 1038 2627 1103 si
2674 1037 3008 1119 puerulus

655 1162 951 1243 primum
1004 1162 1441 1242 frequentare
1488 1161 1790 1225 scholam
1839 1162 2124 1242 cogitur,
2171 1180 2376 1241 quam
2417 1164 2700 1227 terroris
2732 1163 3000 1241 plenam

657 1302 807 1349 esse
887 1286 1157 1350 audivit
1239 1323 1331 1369 —-,
1403 1290 1482 1350 ut
1553 1286 1683 1350 sibi
1757 1285 2072 1351 videatur
2142 1286 2209 1350 in
2285 1286 2656 1367 Trophonii
2724 1290 3004 1351 antrum

658 1410 1075 1475 horrendum
1122 1427 1272 1475 esse
1321 1410 1794 1474 descensurus.

747 1533 1073 1615 Inprimis
1156 1534 1224 1598 in
1313 1535 1436 1598 hac
1518 1532 1987 1611 altercatione,
2071 1540 2577 1615 praeceptorem
2667 1536 2850 1599 inter
2935 1538 3007 1599 et

660 1656 1027 1740 novicium,
1114 1656 1529 1739 Strepsiadis
1610 1674 1876 1722 errores
1951 1676 2028 1722 ac
2110 1661 2338 1723 metus
2414 1660 2632 1723 risum
2709 1676 3004 1737 movere,

658 1798 1070 1861 omnemque
1132 1786 1596 1862 spectatorum
1658 1781 1744 1845 ad
1807 1798 1879 1845 se
1936 1783 2210 1847 trahere
2256 1784 2736 1865 attentionem,
2785 1783 2882 1847 sic
2930 1786 3009 1847 ut

658 1906 743 1969 ad
813 1904 1161 1971 Socratem
1234 1906 1519 1985 eiusque
1589 1909 2060 1988 φροντιστήριον
2134 1924 2219 1971 ne
2280 1907 2650 1971 attendant
2711 1906 3009 1987 quidem,

660 2046 1250 2109 supervacaneum
1312 2030 1446 2093 erit
1514 2030 1759 2095 dicere.
1828 2030 2088 2095 Idcirco
2135 2030 2318 2095 enirn
2383 2030 2474 2076 -’
2503 2034 2582 2096 ut
2627 2030 2710 2095 de
2757 2056 3012 2113 φροντι-

668 2156 923 2239 στηρὶου
987 2158 1263 2218 tantum
1333 2171 1488 2217 cum
1559 2154 1924 2235 Trophonii
1988 2157 2188 2219 antro
2237 2154 2744 2237 comparatione
2792 2156 3010 2220 videa·

666 2298 823 2345 mus
883 2318 944 2325 —
996 2279 1223 2343 rident
1284 2280 1727 2359 spectatores
1793 2279 1972 2361 quia,
2029 2296 2310 2359 prorsus
2371 2279 2563 2343 nulla
2623 2298 2774 2344 cum
2833 2280 3015 2343 adsit

664 2404 957 2471 timendi
1030 2421 1256 2485 causa,
1328 2404 1647 2479 omnibus
1712 2406 2005 2469 artubus
2065 2404 2713 2469 contremiscentem
2778 2405 3015 2470 vident

668 2528 1157 2611 Strepsiadem,
1225 2526 1605 2592 incredibili
1654 2526 1852 2591 modo
1901 2528 2096 2591 foeda
2141 2530 2350 2607 atque
2399 2528 2738 2592 horrenda
2775 2533 3012 2609 putan-

668 2658 829 2734 tem,
898 2669 1073 2733 quae
1130 2652 1319 2716 omni
1366 2654 1627 2715 terrore
1673 2668 1903 2715 carere
1950 2653 2378 2733 perspiciunt
2422 2653 2529 2732 (cf.
2577 2653 2762 2717 aliud
2810 2654 3016 2717 huius

670 2779 770 2843 rei
806 2778 1201 2857 exemplum
1236 2778 1307 2839 P.
1341 2776 1425 2857 11,
1460 2794 1513 2841 c.
1552 2777 1635 2857 II,
1672 2782 1707 2853 ξ
1742 2778 1802 2857 9,
1839 2795 1898 2858 p.
1937 2777 2106 2853 115).
2158 2778 2321 2841 Tam
2355 2778 2471 2841 diu
2513 2778 2905 2843 rusticellus
2943 2817 3004 2823 --

672 2904 787 2984 qui
850 2906 1109 2983 quanto
1172 2901 1757 2982 magniloquentia
1818 2903 1942 2978 (vs,
2004 2903 2380 2978 439—442)
2429 2907 2776 2984 praestare
2827 2904 3016 2968 visus

670 3032 798 3108 est,
868 3029 1063 3091 tanto
1126 3042 1274 3090 sese
1337 3043 1517 3090 nunc
1581 3027 1861 3105 praebet
1907 3027 1992 3090 ob
2037 3025 2464 3091 anxietatem
2515 3028 2732 3108 magis
2779 3027 3013 3092 ridicu-

673 3153 837 3233 lum,
899 3189 961 3196 ——
1020 3167 1273 3230 pronus
1341 3167 1419 3214 ac
1488 3150 1781 3230 pavidus
1851 3151 2410 3232 circumspiciens
2479 3156 2866 3234 cunctatur,
2939 3156 3016 3217 ut

676 3278 939 3342 Socrati
988 3292 1261 3340 necesse
1310 3274 1626 3338 videatur
1670 3275 2058 3338 adhortatio
2106 3281 2234 3352 (vs.
2285 3277 2473 3351 509):

1033 3401 1246 3484 χώρει·
1295 3374 1355 3461 ιῙί
1402 3399 1732 3472 κυπτάζεις
1778 3397 1934 3483 ἔχων
1983 3405 2119 3481 περὶ
2169 3405 2281 3483 τὴν
2329 3404 2578 3482 cupa»,-

764 3523 1028 3588 Scaena
1095 3523 1514 3602 vacuefacta,
1586 3522 1851 3586 Chorus
1917 3524 2001 3588 ad
2071 3527 2496 3605 spectatores
2555 3543 2629 3590 se
2676 3525 3020 3590 convertit

676 3649 1208 3728 Parabaseosque
1295 3648 1694 3725 (510—626)
1783 3648 2199 3712 commation
2293 3651 2694 3724 (510-517)
2778 3666 3018 3713 canere

678 3773 939 3853 incipit.
1019 3773 1186 3835 Dum
1236 3771 1699 3852 Strepsiadem
1749 3771 1964 3835 oculis
2010 3773 2470 3854 prosequitur,
2527 3775 2589 3839 ei
2623 3775 2708 3837 de
2737 3773 3020 3838 audacia

678 3897 1028 3975 animique
1074 3897 1311 3959 robore
1357 3895 1425 3970 (Ξ)
1472 3895 1814 3959 cantando
1860 3897 2283 3975 gratulatur:

1238 4019 1379 4083 ἀλλ’
1426 4021 1520 4082 ἰ’θι
1570 4021 1803 4104 χαίρων
1852 4035 1960 4102 τῆς
2005 4021 2292 4102 ἀνδρείας

1392 4144 1592 4208 ἕνεκα
1640 4150 1890 4228 ταύτης,

680 4270 1045 4349 speratque
1093 4269 1238 4333 fore
1287 4275 1365 4336 ut
1412 4271 1691 4352 homini,
1743 4271 1860 4350 qui
1897 4274 2043 4335 tam
2085 4274 2410 4352 provecta
2447 4273 2674 4344 aetate
2709 4269 3024 4354 νεωτέροις

683 4392 1043 4474 πράγμασιν
1104 4393 1413 4458 animum
1473 4395 1781 4460 imbuere
1843 4395 2248 4475 instituerit,
2299 4411 2618 4475 prospere
2664 4395 3023 4460 consilium

683 4536 884 4584 suurn
936 4518 1291 4582 succedat!
