3478 5737
1851 601 1935 663 26

715 796 901 858 reret
984 794 1216 858 omnia
1293 795 1364 858 in
1447 795 1749 860 Nubium
1830 795 2063 859 fabula
2131 795 2390 875 optime
2461 794 2842 875 cohaerere,
2912 813 3059 859 cau-

712 935 958 996 sasque
1027 934 1162 982 non
1231 917 1492 1000 adesse,
1563 936 1684 982 cur
1753 918 2208 983 concedamus
2275 916 2571 998 duplicis
2640 918 3057 984 recensionis

709 1042 935 1106 inesse
981 1042 1294 1122 vestigia.
1355 1042 1602 1107 Deinde
1650 1061 1736 1107 ne
1784 1044 1893 1107 cui
1942 1043 2151 1106 nimis
2195 1042 2388 1106 arida
2425 1041 2778 1106 videretur
2822 1047 3059 1108 nostra

711 1167 788 1230 de
831 1167 1090 1246 facetiis
1133 1166 1512 1248 disputatio
1551 1203 1612 1212 -
1647 1167 1830 1231 dixit
1876 1166 2061 1232 enim
2111 1167 2359 1231 Caesar
2404 1167 2510 1248 (cf.
2563 1167 2700 1230 Cic.
2749 1167 2831 1230 de
2870 1167 3053 1232 Orat.

711 1289 797 1371 II,
862 1291 1048 1368 217):
1117 1291 1361 1373 „Omni
1421 1291 1502 1356 de
1565 1309 1638 1356 re
1701 1292 1994 1356 facetius
2042 1297 2209 1373 puto
2258 1307 2453 1371 posse
2503 1308 2715 1370 quam·
2758 1291 2839 1355 de
2888 1292 3055 1372 ipsis

710 1415 977 1480 facetiis
1021 1415 1404 1496 disputari”
1467 1451 1528 1460 —
1585 1433 1869 1480 scaenas
1913 1416 2333 1494 facetiasque
2380 1414 2689 1494 singulas
2734 1431 3052 1480 enarrare

711 1537 914 1602 libuit
975 1539 1195 1618 iisque
1255 1541 1775 1605 observationes
1829 1545 2111 1604 nostras
2148 1543 2534 1604 annectere.
2606 1539 2857 1618 Quodsi
2906 1541 3059 1620 quis

710 1661 964 1727 iudicet
1003 1679 1128 1726 nos
1167 1663 1515 1728 interdum
1553 1666 1637 1728 ad
1665 1666 1877 1730 nimis
1900 1667 2126 1729 fusam
2154 1664 2631 1746 prolixamque
2655 1663 3055 1743 disputandi

711 1786 1052 1850 rationem
1099 1804 1248 1852 esse
1295 1788 1625 1871 delapsos,
1676 1790 1736 1853 is
1781 1789 2174 1853 recordetur
2212 1803 2464 1867 quaeso
2504 1786 2676 1851 nulli
2714 1788 2815 1851 rei
2843 1788 3059 1867 magis

712 1925 838 1974 nos
868 1899 1132 1975 dedisse
1156 1927 1430 1991 operam
1459 1931 1665 1994 quam
1691 1916 1773 1977 ut
1796 1912 2168 1978 lectoribus
2193 1910 2763 2006 persuaderemus
2790 1909 3055 1975 nullum

707 2032 970 2096 dictum
1042 2032 1437 2114 nullamque
1507 2036 1853 2118 facetiam,
1920 2051 2095 2114 quae
2159 2035 2245 2098 ab
2290 2033 2704 2098 adversariis
2750 2032 3055 2097 adhiberi

711 2156 928 2235 possit
990 2157 1071 2220 ad
1122 2161 1433 2223 nostram
1481 2158 2147 2239 argumentationem
2200 2157 2658 2238 refutandam,
2707 2161 2970 2222 temere
3016 2175 3057 2222 a
3134 2241 3138 2246 .

709 2279 906 2343 nobis
967 2297 1117 2345 esse
1178 2283 1582 2362 neglectam.
1655 2283 2005 2365 Quantum
2056 2283 2243 2346 enim
2290 2281 2435 2345 fieri
2484 2284 2757 2362 poterat
2807 2282 3055 2362 ubique

708 2403 858 2467 sine
903 2404 1007 2468 ira
1041 2405 1111 2469 in
1143 2405 1672 2488 Aristophanem
1699 2408 1847 2471 sine
1873 2405 2103 2470 studio
2128 2422 2287 2485 erga
2314 2403 2663 2468 Socratem
2694 2405 3050 2469 materiem

709 2528 1128 2609 propositam
1177 2530 1366 2594 volui
1414 2535 1730 2606 tractare,
1776 2532 2021 2596 horum
2062 2529 2311 2595 Baueri
2353 2530 2717 2594 verborum
2759 2546 3051 2596 memor:

804 2653 934 2737 „Es
991 2654 1179 2733 giebt
1237 2656 1442 2720 keine
1489 2657 1722 2721 wahre
1770 2655 2108 2736 objective
2158 2654 2415 2735 Kritik,
2464 2655 2642 2718 ohne
2688 2654 2847 2718 dass
2895 2671 3049 2718 man

711 2778 854 2842 sich
911 2795 1122 2858 gegen
1170 2780 1292 2850 das
1339 2780 1660 2845 Resultat
1707 2782 1902 2844 mehr
1948 2781 2108 2844 oder
2156 2778 2425 2842 minder
2471 2778 2866 2842 indifferent
2912 2795 3053 2841 ver-

711 2902 857 2966 halt
917 2904 1054 2967 und
1112 2904 1244 2968 alle
1307 2906 1734 2985 subjectiven
1786 2906 2267 2984 Beziehungen
2316 2922 2402 2967 zu
2448 2903 2601 2967 dem
2652 2903 2891 2983 ObJect
2936 2902 3053 2967 der

707 3026 938 3091 Kritik
986 3044 1060 3091 so
1111 3029 1242 3093 viel
1293 3029 1584 3109 moglich
1635 3047 1768 3093 von
1816 3030 1961 3094 sich
2008 3026 2271 3093 ablost'’
2319 3028 2415 3109 (F.
2469 3027 2538 3091 C.
2588 3026 2832 3108 Bauer,
2878 3026 3051 3091 Krit.

711 3151 987 3216 Unters.
1038 3158 1102 3216 ii.
1151 3153 1258 3217 die
1305 3152 1771 3218 kanonischen
1824 3153 2240 3233 Evangelien
2288 3170 2353 3233 p.
2406 3153 2536 3227 72).

799 3276 945 3340 Hoc
989 3280 1226 3342 autem
1275 3278 1688 3341 tenendum:
1742 3276 2005 3341 nullum
2056 3280 2331 3356 praeter
2380 3276 2729 3339 Socratem
2777 3292 2818 3337 a
2856 3276 3053 3354 poeta

707 3399 976 3464 irrideri
1037 3401 1388 3481 hucusque
1433 3400 1612 3483 apud
1660 3402 2021 3482 plerosque
2071 3401 2257 3466 viros
2300 3400 2539 3465 doctos
2584 3398 2920 3477 constitit,
2978 3434 3039 3442 -

711 3540 832 3588 nos
877 3529 1116 3589 contra
1153 3526 1236 3589 ad
1279 3526 1699 3607 Strepsiadis
1737 3526 2142 3607 praesertim
2182 3541 2447 3589 errores
2484 3526 2557 3587 et
2594 3540 2810 3603 nugas
2842 3521 3049 3586 volui·

708 3666 863 3712 mus
906 3649 1283 3725 attendere,
1320 3649 1478 3714 licet
1517 3650 1803 3714 minime
1844 3666 1968 3713 nos
2006 3649 2227 3728 fugiat
2266 3664 2467 3728 saepe
2494 3646 3049 3726 Aristophanem,

707 3771 881 3850 quod
933 3772 1174 3836 comici
1221 3777 1329 3836 est
1375 3773 1484 3837 ius
1528 3790 1607 3837 ac
1655 3791 1927 3849 munus,
1974 3774 2043 3836 in
2095 3772 2447 3837 Socratem
2497 3787 2768 3851 quoque
2794 3771 3051 3850 specta·

705 3898 934 3959 torum
984 3896 1363 3963 concitasse
1412 3898 1611 3961 risus.
1663 3896 1807 3961 Duo
1856 3897 2216 3978 praecipue
2265 3900 2431 3960 sunt
2467 3896 2548 3959 ad
2587 3910 2759 3974 quae
2786 3910 3054 3973 semper

705 4020 1064 4084 attendere
1144 4022 1213 4083 in
1298 4022 1526 4085 animo
1599 4024 1745 4085 est:
1826 4020 2227 4101 saepissime
2297 4024 2500 4099 poeta
2570 4018 3047 4099 philosophum

705 4142 1048 4214 intactum
1085 4144 1600 4224 praetermittit,
1639 4144 1754 4208 ubi
1782 4145 2197 4224 interpretes
2226 4142 2401 4209 male
2430 4142 2783 4207 Socratem
2812 4140 3048 4205 vexari

710 4266 1105 4346 voluerunt;
1145 4268 1386 4331 deinde
1434 4269 1675 4333 rustici
1723 4268 2027 4337 stultitia
2074 4269 2159 4332 ab
2198 4267 2399 4331 initio
2427 4284 2643 4346 usque
2667 4266 2750 4331 ad
2768 4264 3051 4330 fabulae

707 4391 975 4455 exitum
1000 4392 1458 4455 attentionem
1485 4396 1796 4456 nostram
1830 4428 1890 4437 -·
1920 4392 2180 4473 pariter
2202 4396 2411 4472 atque
2430 4390 2589 4455 olim
2610 4390 2850 4471 opinor
2868 4404 3049 4469 spec-

705 4518 1008 4578 tatorum
1061 4514 1592 4579 Atheniensium
1635 4552 1697 4560 -
1734 4532 2014 4594 prorsus
2051 4532 2093 4578 a
2134 4514 2434 4579 Socratis
2464 4518 2712 4579 avocat
2738 4515 3048 4594 persona.

1669 4756 1689 4762 —
1700 4756 2089 4763 --—-———·-..-
