3478 5737
1544 588 1624 651 15

403 777 758 857 opiniones
820 780 1077 845 rectius
1138 780 1536 863 iudicemus
1604 784 1901 849 multum
1952 786 2205 851 reterre
2254 788 2420 851 mihi
2478 788 2751 852 videtur

404 900 639 965 audire
710 902 1021 968 Platonis
1070 906 1469 971 Aristotelis
1517 907 1860 973 Ciceronis
1905 908 1986 973 de
2033 910 2294 992 optima
2340 912 2754 993 reipublicae

406 1025 903 1091 constitutione
952 1031 1353 1095 sententias.

492 1140 877 1205 Secundum
945 1142 1335 1209 Ciceronem
1412 1182 1473 1190 —
1550 1152 1627 1210 ut
1687 1147 1770 1210 de
1817 1148 2024 1212 huius
2075 1148 2393 1229 opinione
2451 1150 2749 1231 primum

407 1265 761 1330 videamus
818 1302 877 1311 -·
936 1268 1163 1333 omnis
1211 1287 1319 1333 res
1366 1271 1636 1351 publica
1680 1273 1944 1337 consilio
1969 1273 2264 1353 quodam
2295 1277 2405 1338 est
2437 1278 2750 1360 regenda,

403 1393 481 1453 ut
546 1390 873 1453 diuturna
940 1392 1053 1473 sit,
1119 1393 1323 1473 idque
1386 1395 1746 1459 consilium
1795 1400 1920 1459 aut
1965 1398 2084 1461 uni
2131 1398 2570 1464 tribuendum
2621 1406 2748 1483 est,

400 1518 524 1579 aut
591 1515 849 1579 delectis
914 1519 1311 1597 quibusdam
1378 1524 1501 1583 aut
1571 1520 2084 1601 suscipiendum
2159 1524 2269 1587 est
2327 1524 2753 1591 multitudini

398 1650 597 1729 atquc
641 1648 937 1710 omnibus
974 1645 1079 1723 (de
1114 1644 1399 1725 Republ.
1436 1644 1484 1707 I.
1518 1662 1571 1708 6.
1598 1646 1727 1720 26).
1771 1644 1882 1709 Sic
1907 1644 2274 1727 distinguit
2302 1646 2534 1713 Cicero
2561 1649 2744 1715 inter

396 1788 695 1851 rcynum,
774 1770 1200 1851 optimatium
1268 1768 1643 1850 arbitrium,
1716 1769 2051 1835 civitatem
2109 1772 2524 1853 popularem.
2619 1773 2748 1839 Sed

400 1895 645 1959 horum
720 1894 933 1959 trium
1019 1891 1593 1957 constitutionum
1679 1910 2010 1972 generum
2083 1894 2349 1959 nullum
2419 1896 2482 1961 ei
2551 1898 2748 1962 satis-

400 2017 602 2083 facit:
693 2022 803 2101 „et
878 2018 949 2081 in
1018 2017 1239 2097 regnis
1322 2016 1505 2079 enim
1592 2016 1801 2081 nimis
1885 2020 2206 2097 expertes
2295 2022 2461 2083 sunt
2537 2023 2748 2086 ceteri

402 2142 792 2206 communis
852 2142 1022 2206 iuris
1068 2144 1141 2205 et
1186 2139 1473 2221 consilii,
1522 2143 1594 2203 et
1641 2139 1711 2203 in
1761 2143 2184 2223 optimatium
2233 2144 2578 2209 dominatu
2625 2146 2746 2209 vix

402 2268 740 2347 particeps
786 2266 1130 2331 libertatis
1177 2268 1409 2346 potest
1452 2282 1602 2328 esse
1644 2266 2033 2347 multitud0‚
2071 2284 2224 2331 cum
2253 2269 2439 2332 omni
2465 2269 2746 2335 consilio

399 2391 746 2456 communi
814 2408 893 2455 ac
954 2392 1298 2472 potestate
1364 2393 1613 2469 careat,
1677 2392 1750 2453 et
1798 2408 1950 2453 cum
2001 2392 2224 2455 omnia
2259 2410 2383 2475 per
2413 2394 2744 2474 populum

394 2516 747 2595 geruntur,
818 2514 1136 2593 quamvis
1204 2512 1466 2577 iustum
1536 2517 1746 2592 atque
1811 2514 2258 2597 moderatum,
2309 2518 2546 2580 tamen
2595 2517 2744 2599 ipsa

396 2638 855 2718 aequabilitas
899 2642 1006 2703 est
1050 2637 1307 2718 iniqua,
1341 2654 1495 2701 cum
1534 2638 1739 2701 habet
1773 2638 1997 2703 nullos
2027 2638 2280 2717 gradus
2313 2640 2739 2720 dignitatis”

353 2764 623 2844 ‘Quare
691 2766 1015 2844 quartum
1076 2761 1415 2841 quoddam
1476 2778 1693 2841 genus
1757 2761 2173 2843 reipublicae
2235 2764 2538 2829 maxime
2601 2781 2742 2845 pro-

402 2889 701 2953 bandum
764 2905 914 2952 esse
976 2887 1193 2952 sentit
1247 2885 1497 2967 CicerO,
1548 2884 1723 2966 quod
1774 2891 1882 2951 est
1926 2905 2012 2952 ex
2063 2889 2287 2953 tribus
2333 2889 2472 2952 illis
2519 2889 2739 2954 mode·

396 3017 627 3078 ratum
676 3015 749 3077 et
794 3012 1216 3093 permixtum
1266 3011 1373 3088 (de
1422 3011 1704 3090 Republ.
1748 3012 1797 3074 Ι.
1838 3029 1894 3076 6.
1936 3014 2070 3092 27);
2127 3013 2394 3098 „Placet
2415 3013 2586 3078 enim
2613 3031 2743 3078 esse

394 3137 715 3218 quiddam
768 3137 840 3200 in
881 3135 1215 3219 republica
1252 3137 1607 3216 praestans
1651 3138 1713 3198 ct
1756 3137 1994 3216 regale,
2043 3155 2172 3201 csse
2217 3137 2408 3202 aliud
2453 3140 2738 3202 auctori-

401 3261 527 3326 tati
578 3261 967 3342 principum
1036 3260 1441 3340 inpartitum
1508 3277 1586 3323 ac
1657 3260 2001 3340 tritubum‚
2073 3279 2203 3325 6836
2262 3261 2587 3341 quasdam
2638 3280 2743 3326 res

392 3388 693 3449 servatas
734 3385 975 3448 iudicio
1022 3383 1478 3463 voluntatique
1523 3384 1997 3448 multitudiuis.
2049 3433 2062 3447 .
2115 3434 2128 3447 .
2181 3384 2330 3448 Non
2377 3387 2486 3448 est
2533 3402 2740 3450 causa

394 3509 880 3590 conversioniS,
930 3507 1049 3572 ubi
1085 3507 1153 3571 in
1189 3523 1311 3571 suo
1345 3507 1633 3586 quisque
1666 3511 1774 3571 est
1805 3508 2014 3586 gradu
2048 3509 2338 3573 firmiter
2368 3507 2739 3574 collocatus

394 3637 467 3696 et
502 3649 637 3696 non
677 3635 934 3712 subest,
974 3648 1107 3712 quo
1140 3631 1544 3712 praecipitet
1566 3648 1643 3694 ac
1669 3631 1981 3696 decidat’'
2008 3633 2112 3710 (de
2139 3633 2424 3714 Republ.
2452 3633 2500 3696 1.
2525 3651 2580 3697 6.
2607 3635 2735 3712 45).

484 3755 629 3822 Iam
688 3757 867 3840 apud
934 3755 1378 3820 Aristotelem
1428 3754 1719 3834 legimus
1768 3773 1936 3838 esse,
1988 3756 2102 3836 qui
2153 3758 2364 3822 talem
2415 3757 2734 3822 πολιτείαν

392 3881 457 3955 ἔξ
502 3885 767 3945 ἁπασῶν
818 3894 941 3946 τῶν
990 3880 1319 3946 πολιτειῶν
1366 3879 1775 3964 μεμειγμένην
1827 3881 2158 3964 Optimam
2200 3881 2546 3962 judicent:
2585 3885 2735 3948 ἐ’νιοι

391 4011 503 4088 μὲν
552 4005 663 4072 οὖν
712 4007 995 4086 λέγουσιν
1045 4011 1128 4079 ὡς
1176 4009 1262 4070 δεῖ
1315 4011 1423 4089 τὴν
1473 4009 1731 4089 ἀρίστην
1782 4005 2104 4070 πολιτείαν
2153 4007 2214 4080 ἐξ
2261 4011 2527 4072 ἁπασῶν
2576 4005 2734 4072 εἶναι

394 4146 518 4197 τῶν
603 4132 931 4197 πολιτειῶν
998 4133 1429 4214 μεμειγμένην,
1497 4133 1593 4194 διὸ
1664 4137 1767 4194 καὶ
1845 4138 1952 4212 τὴν
2028 4145 2154 4196 τῶν
2205 4133 2732 4213 tranianum-im»

392 4261 754 4322 ἐπαινοῦσιν
802 4258 1025 4336 (Polib.
1076 4258 1161 4322 II.
1211 4259 1296 4337 6).

482 4382 809 4465 Polybius
853 4384 923 4446 in
972 4383 1255 4446 eandem
1304 4382 1725 4446 sententiam
1774 4383 2131 4446 contendit
2177 4382 2319 4460 (VI.
2367 4383 2464 4452 3):

480 4508 671 4592 δῆλον
734 4512 853 4591 γάρ
912 4511 995 4580 ὡς
1050 4509 1309 4590 ἀρίστην
1372 4509 1481 4586 μὲν
1544 4508 1806 4589 ἡγητέον
1871 4505 2190 4570 πολιτείαν
2255 4513 2367 4590 τὴν
2431 4511 2495 4570 ἐκ
2545 4521 2732 4591 τριῶν

394 4647 519 4698 τῶν
566 4635 1023 4718 προειρημένων
1073 4635 1433 4714 ἰδιωμάτων
1481 4646 1892 4696 συνεστῶσαν.

482 4759 655 4841 Quia
722 4759 1221 4841 Aristophanes
1288 4759 1359 4823 in
1431 4759 1796 4840 Equitibus
1863 4775 1996 4822 non
2060 4757 2291 4822 minus
2353 4775 2556 4836 quam
2619 4773 2734 4823 τοῦ
