3478 5737
13 302 26 393 ΓΔΑ

31 199 41 256 -.-

13 787 33 1531 ’ᾝΓ--ἡ-
25 731 35 746 -

1789 598 1912 662 132

674 798 938 881 χρήστας
986 794 1342 859 διολισθεῖν.
1413 794 1555 859 Iam
1604 796 1992 874 sequuntur
2036 796 2248 860 verba
2295 797 2526 875 magni
2575 796 2892 878 ponderis
2936 798 3019 862 ad

674 927 985 988 nostram
1075 919 1593 1004 persuasionem
1682 918 2127 1000 probandam,
2221 919 2487 986 scilicet
2578 937 2714 985 non
2801 922 3023 987 solum

674 1046 973 1111 Chorum
1040 1045 1155 1109 sed
1227 1044 1439 1109 etiam
1502 1042 1877 1124 Socratem,
1941 1043 2144 1107 Chori
2207 1043 2630 1127 ministrum,
2681 1046 3021 1111 rusticum

676 1170 1032 1249 hucusque
1079 1168 1399 1231 habuisse
1447 1165 1739 1229 ludibrio
1787 1173 1914 1244 (vs.
1966 1167 2094 1231 435
2142 1168 2302 1247 sq.):

766 1294 956 1369 τεύξει
1003 1296 1217 1357 τοίνυν
1266 1288 1354 1357 ὧν
1405 1293 1679 1373 ἱμείρεις·
1726 1296 1800 1354 οὐ
1848 1296 1967 1374 γὰρ
2013 1292 2302 1373 μεγάλων
2350 1296 2696 1375 ἐπιθυμεῖς.

766 1418 929 1483 ἀλλὰ
999 1423 1257 1483 σεαυτὸν
1329 1425 1582 1499 θαρρῶν
1646 1416 1930 1499 παράδος
1992 1432 2163 1492 τοῖς
2226 1422 2659 1503 ἡμετέροις
2720 1423 3024 1505 προπό-

2635 1544 2934 1611 λοισιν.

764 1669 1193 1750 Strepsiades
1259 1668 1343 1733 ad
1414 1683 1722 1732 summos
1783 1665 2176 1732 tolerandos
2238 1668 2502 1734 dolores
2569 1674 2889 1752 paratum
2951 1688 3024 1737 se

672 1796 991 1877 praebet:
1082 1793 1338 1879 „Vobis
1429 1792 1649 1857 fretus
1714 1791 1963 1856 faciam
2035 1792 2212 1873 quod
2283 1793 2558 1860 iubetis,
2631 1796 3023 1861 Necessitas

673 1919 862 1983 enim
908 1936 1019 1983 me
1067 1920 1286 1999 urget,
1333 1932 1567 1997 cogor:

677 2045 781 2109 διὰ
830 2050 974 2119 τοὺς
1018 2044 1258 2118 εἵππους
1307 2047 1450 2116 τοὺς
1496 2045 1858 2114 κοππατίας
1905 2046 2010 2105 καὶ
2059 2042 2166 2107 τὸν
2213 2046 2441 2125 γάμον,
2477 2043 2542 2118 ὃς
2573 2046 2639 2126 μ’
2671 2045 3020 2130 ἐπέτριψεν.

766 2170 1143 2249 Postquam
1210 2168 1513 2233 canendo
1576 2184 1649 2233 se
1711 2170 2027 2232 extrema
2087 2168 2270 2233 mala
2329 2186 2479 2234 esse
2542 2188 3022 2252 perpessurum

676 2294 1078 2377 declaravit,
1148 2291 1515 2358 dummodo
1584 2292 1818 2356 debita
1886 2290 2170 2371 effugiat
2236 2296 2309 2357 et
2374 2294 2643 2360 civibus
2711 2296 3026 2361 videatur

674 2421 925 2502 audax,
985 2420 1260 2500 loquax,
1321 2416 1757 2497 temerariUS‚
1823 2432 2076 2498 procax
2125 2420 2276 2499 cet„
2327 2419 2591 2485 Chorus
2635 2420 2719 2485 ad
2769 2424 3025 2503 specta·

677 2548 864 2610 tores
910 2559 1282 2609 conversus
1330 2542 1495 2607 haec
1541 2542 1782 2606 cantat
1827 2541 2041 2605 verba
2085 2547 2211 2618 (vs.
2261 2542 2389 2607 457
2439 2550 2622 2624 sqq):

1301 2666 1470 2747 λῆμα
1514 2667 1626 2747 μὲν
1674 2668 1929 2749 πάρεστι
1978 2661 2136 2749 τῷδέ
2179 2668 2239 2745 γ’

1302 2797 1413 2857 οὐκ
1460 2789 1760 2872 ἄτολμον,
1809 2790 1950 2855 ἀλλ’
1996 2788 2269 2874 ἕτοιμον,

680 2919 922 2984 deinde
970 2918 1434 3000 Strepsiadem
1479 2917 1842 3000 allocutus„
1891 2917 2094 2982 dicit:

1654 3043 1788 3105 ἴσθι
1835 3041 1893 3104 δ’
1943 3045 2027 3115 ὡς

1058 3181 1259 3232 ταῦτα
1304 3173 1533 3249 μαθὼν
1582 3167 1731 3250 παρ’
1779 3151 1932 3247 ἐμοῦ
1980 3165 2153 3240 κλέος
2201 3170 2622 3252 οὐρανόμηκες

1564 3295 1629 3358 ἓν
1678 3297 1991 3380 βροτοῖσιν
2037 3291 2210 3368 ἕξεις.

772 3417 1068 3498 Roganti
1134 3417 1554 3500 Strepsiadi:
1621 3422 1683 3483 τί
1729 3422 2060 3500 πείσομαις
2105 3417 2504 3504 respondet:
2558 3415 2801 3502 „Omni
2847 3418 3020 3481 tem-

682 3557 843 3623 pore
890 3559 1159 3606 mecum
1207 3543 1677 3608 beatissimam
1726 3543 1928 3624 deges
1973 3543 2258 3609 vitam.”

772 3665 1117 3748 Rusticu8‚
1176 3667 1442 3732 veritus
1501 3685 1587 3732 ne
1636 3668 1899 3734 Chorus
1945 3686 2018 3734 se
2065 3666 2421 3749 promissis
2464 3668 2744 3731 tantum
2790 3665 3022 3745 cupiat

684 3807 987 3872 onerare,
1056 3809 1179 3856 suo
1246 3809 1435 3856 more
1503 3794 1796 3876 quaerit,
1867 3809 2036 3858 num
2105 3809 2348 3857 revera
2405 3791 2696 3874 propriis
2755 3791 3022 3856 visurus

680 3913 771 3978 eit
812 3915 1037 3995 oculis,
1085 3929 1258 3993 quae
1304 3913 1739 3996 polliceatur:

1152 4033 1275 4122 ἆρά
1321 4064 1388 4116 γε
1434 4040 1605 4104 τοῦτ’
1652 4040 1754 4122 ἄρ’
1802 4038 1948 4119 ἐγώ
1996 4037 2136 4103 ποτ’
2183 4038 2544 4122 ὅψομαις

774 4159 1007 4225 Nubes
1065 4165 1294 4226 autern
1359 4162 1763 4243 praedicunt
1819 4179 1976 4226 eum
2044 4164 2186 4227 fore
2249 4162 2557 4226 omnium
2605 4158 3020 4242 sapientissi-

686 4302 912 4349 mum:
1002 4286 1223 4370 „Tuas
1272 4288 1589 4384 acl-fores
1644 4287 1852 4352 multi
1907 4304 2176 4369 semper
2231 4287 2586 4368 sedebunt,
2649 4288 2731 4349 ut
2789 4288 3016 4348 tecum

684 4409 1163 4489 colloquantur
1220 4413 1427 4491 teque
1488 4413 1568 4477 de
1616 4413 1823 4477 rebus
1868 4411 2231 4476 consulant
2275 4409 2770 4490 gravissimis.”
2841 4407 3020 4472 Man-

684 4533 855 4600 dant
935 4535 1177 4601 deinde
1264 4535 1547 4617 Socrati,
1631 4539 1937 4602 ministro
2019 4555 2158 4617 suo,
2246 4539 2326 4600 ut
2407 4536 2644 4599 docere
2713 4533 3018 4614 incipiat,

687 4657 1014 4738 quidquid
1076 4661 1539 4744 constituerit,
1606 4667 1709 4725 καὶ
1773 4662 2076 4726 διακινεῒν
2139 4665 2247 4726 τὸν
2311 4674 2462 4725 νοῦν
2512 4663 2710 4723 αὺτοῦ
2757 4663 2860 4722 καὶ
2910 4670 3019 4739 τῆς

685 4786 942 4867 γνώμης
987 4788 1469 4867 ἀποπειρᾶσθαι.
