<?xml version="1.0" encoding="UTF-8"?>
<!DOCTYPE html PUBLIC "-//W3C//DTD XHTML 1.0 Transitional//EN"
    "http://www.w3.org/TR/xhtml1/DTD/xhtml1-transitional.dtd">
<html xmlns="http://www.w3.org/1999/xhtml" xml:lang="en" lang="en">
 <head>
  <title>
</title>
<meta http-equiv="Content-Type" content="text/html;charset=utf-8" />
  <meta name='ocr-system' content='tesseract 3.04.00' />
  <meta name='ocr-capabilities' content='ocr_page ocr_carea ocr_par ocr_line ocrx_word'/>
</head>
<body>
  <div class='ocr_page' id='page_1' title='image "./dearistophanisi00heldgoog_0084.png"; bbox 0 0 3478 5737; ppageno 0'>
   <div class='ocr_carea' id='block_1_1' title="bbox 1854 534 1953 619">
    <p class='ocr_par' dir='ltr' id='par_1_1' title="bbox 1854 534 1953 619">
     <span class='ocr_line' id='line_1_1' title="bbox 1854 534 1953 619; baseline 0.01 -1"><span class='ocrx_word' id='word_1_1' title='bbox 1854 534 1953 619; x_wconf 79' lang='grc'>’68</span> 
     </span>
    </p>
   </div>
   <div class='ocr_carea' id='block_1_2' title="bbox 731 748 3096 4805">
    <p class='ocr_par' dir='ltr' id='par_1_2' title="bbox 731 748 3086 3443">
     <span class='ocr_line' id='line_1_2' title="bbox 821 748 3081 831; baseline -0.004 -13"><span class='ocrx_word' id='word_1_2' title='bbox 821 758 857 829; x_wconf 65' lang='grc' dir='ltr'><strong>ἓ</strong></span> <span class='ocrx_word' id='word_1_3' title='bbox 911 755 1013 818; x_wconf 90' lang='grc'>10.</span> <span class='ocrx_word' id='word_1_4' title='bbox 1109 753 1342 817; x_wconf 88' lang='lat' dir='ltr'>Mirari</span> <span class='ocrx_word' id='word_1_5' title='bbox 1390 751 1553 816; x_wconf 89' lang='lat' dir='ltr'>licet</span> <span class='ocrx_word' id='word_1_6' title='bbox 1599 751 1786 816; x_wconf 88' lang='lat' dir='ltr'>viros</span> <span class='ocrx_word' id='word_1_7' title='bbox 1831 751 2087 831; x_wconf 76' lang='lat' dir='ltr'>doctOS,</span> <span class='ocrx_word' id='word_1_8' title='bbox 2135 749 2512 814; x_wconf 85' lang='lat' dir='ltr'>Godofredo</span> <span class='ocrx_word' id='word_1_9' title='bbox 2560 748 2960 813; x_wconf 83' lang='lat' dir='ltr'>Hermanno</span> <span class='ocrx_word' id='word_1_10' title='bbox 3007 749 3081 810; x_wconf 89' lang='lat' dir='ltr'>et</span> 
     </span>
     <span class='ocr_line' id='line_1_3' title="bbox 734 872 3080 958; baseline -0.003 -17"><span class='ocrx_word' id='word_1_11' title='bbox 734 878 1154 957; x_wconf 78' lang='lat' dir='ltr'>Bohringero</span> <span class='ocrx_word' id='word_1_12' title='bbox 1216 876 1545 958; x_wconf 75' lang='lat' dir='ltr'>exceptiS,</span> <span class='ocrx_word' id='word_1_13' title='bbox 1605 876 1802 955; x_wconf 81' lang='lat' dir='ltr'>quasi</span> <span class='ocrx_word' id='word_1_14' title='bbox 1865 875 2102 956; x_wconf 81' lang='lat' dir='ltr'>inopes</span> <span class='ocrx_word' id='word_1_15' title='bbox 2159 873 2445 945; x_wconf 78' lang='lat' dir='ltr'>consilii,</span> <span class='ocrx_word' id='word_1_16' title='bbox 2494 873 2657 954; x_wconf 88' lang='lat' dir='ltr'>quia</span> <span class='ocrx_word' id='word_1_17' title='bbox 2703 872 2960 937; x_wconf 88' lang='lat' dir='ltr'>nodum</span> <span class='ocrx_word' id='word_1_18' title='bbox 3008 872 3080 935; x_wconf 89' lang='lat' dir='ltr'>in</span> 
     </span>
     <span class='ocr_line' id='line_1_4' title="bbox 732 995 3080 1083; baseline -0.003 -17"><span class='ocrx_word' id='word_1_19' title='bbox 732 1002 951 1083; x_wconf 79' lang='lat' dir='ltr'>scirpo</span> <span class='ocrx_word' id='word_1_20' title='bbox 990 1018 1125 1066; x_wconf 90' lang='lat' dir='ltr'>non</span> <span class='ocrx_word' id='word_1_21' title='bbox 1148 1000 1531 1080; x_wconf 84' lang='lat' dir='ltr'>inveniant,</span> <span class='ocrx_word' id='word_1_22' title='bbox 1562 999 2048 1079; x_wconf 73' lang='lat' dir='ltr'>quaestionum</span> <span class='ocrx_word' id='word_1_23' title='bbox 2074 1002 2144 1063; x_wconf 88' lang='lat' dir='ltr'>et</span> <span class='ocrx_word' id='word_1_24' title='bbox 2168 998 2648 1079; x_wconf 85' lang='lat' dir='ltr'>scrupulorum</span> <span class='ocrx_word' id='word_1_25' title='bbox 2673 996 2924 1061; x_wconf 88' lang='lat' dir='ltr'>seriem</span> <span class='ocrx_word' id='word_1_26' title='bbox 2948 995 3080 1059; x_wconf 90' lang='lat' dir='ltr'>sibi</span> 
     </span>
     <span class='ocr_line' id='line_1_5' title="bbox 732 1120 3080 1207; baseline -0.003 -17"><span class='ocrx_word' id='word_1_27' title='bbox 732 1143 1108 1207; x_wconf 88' lang='lat' dir='ltr'>proponere</span> <span class='ocrx_word' id='word_1_28' title='bbox 1145 1126 1371 1207; x_wconf 81' lang='lat' dir='ltr'>malle,</span> <span class='ocrx_word' id='word_1_29' title='bbox 1420 1141 1625 1204; x_wconf 90' lang='lat' dir='ltr'>quam</span> <span class='ocrx_word' id='word_1_30' title='bbox 1672 1124 2001 1206; x_wconf 77' lang='lat' dir='ltr'>accipere,</span> <span class='ocrx_word' id='word_1_31' title='bbox 2039 1123 2220 1204; x_wconf 88' lang='lat' dir='ltr'>quod</span> <span class='ocrx_word' id='word_1_32' title='bbox 2252 1123 2325 1187; x_wconf 94' lang='lat' dir='ltr'>in</span> <span class='ocrx_word' id='word_1_33' title='bbox 2358 1126 2682 1204; x_wconf 91' lang='lat' dir='ltr'>promptu</span> <span class='ocrx_word' id='word_1_34' title='bbox 2715 1138 2866 1185; x_wconf 87' lang='lat' dir='ltr'>esse</span> <span class='ocrx_word' id='word_1_35' title='bbox 2899 1120 3080 1185; x_wconf 84' lang='lat' dir='ltr'>dixe-</span> 
     </span>
     <span class='ocr_line' id='line_1_6' title="bbox 734 1246 3082 1331; baseline -0.002 -18"><span class='ocrx_word' id='word_1_36' title='bbox 734 1250 848 1331; x_wconf 77' lang='lat' dir='ltr'>ris,</span> <span class='ocrx_word' id='word_1_37' title='bbox 900 1252 1156 1315; x_wconf 87' lang='lat' dir='ltr'>nodum</span> <span class='ocrx_word' id='word_1_38' title='bbox 1205 1250 1275 1323; x_wconf 85' lang='lat' dir='ltr'>in</span> <span class='ocrx_word' id='word_1_39' title='bbox 1324 1250 1545 1329; x_wconf 80' lang='lat' dir='ltr'>scirpo</span> <span class='ocrx_word' id='word_1_40' title='bbox 1578 1264 1711 1311; x_wconf 91' lang='lat' dir='ltr'>non</span> <span class='ocrx_word' id='word_1_41' title='bbox 1753 1264 1904 1312; x_wconf 88' lang='lat' dir='ltr'>esse</span> <span class='ocrx_word' id='word_1_42' title='bbox 1940 1250 2314 1327; x_wconf 88' lang='lat' dir='ltr'>ambosque</span> <span class='ocrx_word' id='word_1_43' title='bbox 2353 1250 2621 1331; x_wconf 78' lang='grc' dir='ltr'><em>ῥήτορας</em></span> <span class='ocrx_word' id='word_1_44' title='bbox 2659 1246 3082 1318; x_wconf 63' lang='grc' dir='ltr'><strong><em>διαλεκτικούς</em></strong></span> 
     </span>
     <span class='ocr_line' id='line_1_7' title="bbox 733 1360 3081 1456; baseline -0.001 -18"><span class='ocrx_word' id='word_1_45' title='bbox 733 1392 821 1438; x_wconf 85' lang='lat' dir='ltr'>ex</span> <span class='ocrx_word' id='word_1_46' title='bbox 866 1375 1199 1453; x_wconf 86' lang='lat' dir='ltr'>agricolae</span> <span class='ocrx_word' id='word_1_47' title='bbox 1246 1373 1495 1439; x_wconf 86' lang='lat' dir='ltr'>saltem</span> <span class='ocrx_word' id='word_1_48' title='bbox 1544 1372 1864 1453; x_wconf 89' lang='lat' dir='ltr'>opinione</span> <span class='ocrx_word' id='word_1_49' title='bbox 1911 1373 2017 1449; x_wconf 84' lang='lat' dir='ltr'>(cf.</span> <span class='ocrx_word' id='word_1_50' title='bbox 2069 1390 2168 1436; x_wconf 80' lang='lat' dir='ltr'>VS.</span> <span class='ocrx_word' id='word_1_51' title='bbox 2225 1373 2348 1437; x_wconf 82' lang='grc'>112</span> <span class='ocrx_word' id='word_1_52' title='bbox 2398 1360 2570 1453; x_wconf 59' lang='lat' dir='ltr'>sqq&#39;.)</span> <span class='ocrx_word' id='word_1_53' title='bbox 2609 1374 2672 1436; x_wconf 75' lang='grc' dir='ltr'>ἐν</span> <span class='ocrx_word' id='word_1_54' title='bbox 2708 1394 3081 1456; x_wconf 78' lang='grc' dir='ltr'><em>φροντιστη-</em></span> 
     </span>
     <span class='ocr_line' id='line_1_8' title="bbox 733 1496 3080 1581; baseline 0 -21"><span class='ocrx_word' id='word_1_55' title='bbox 733 1501 847 1581; x_wconf 80' lang='grc' dir='ltr'>ρίῳ</span> <span class='ocrx_word' id='word_1_56' title='bbox 919 1499 1203 1563; x_wconf 87' lang='lat' dir='ltr'>versari.</span> <span class='ocrx_word' id='word_1_57' title='bbox 1277 1498 1389 1562; x_wconf 83' lang='lat' dir='ltr'>Sic</span> <span class='ocrx_word' id='word_1_58' title='bbox 1452 1497 1559 1561; x_wconf 90' lang='lat' dir='ltr'>vir</span> <span class='ocrx_word' id='word_1_59' title='bbox 1620 1496 1700 1561; x_wconf 92' lang='lat' dir='ltr'>cl.</span> <span class='ocrx_word' id='word_1_60' title='bbox 1765 1496 1920 1561; x_wconf 91' lang='lat' dir='ltr'>Van</span> <span class='ocrx_word' id='word_1_61' title='bbox 1971 1498 2309 1561; x_wconf 87' lang='lat' dir='ltr'>Leeuwen</span> <span class='ocrx_word' id='word_1_62' title='bbox 2362 1534 2442 1543; x_wconf 90' lang='lat'>—</span> <span class='ocrx_word' id='word_1_63' title='bbox 2493 1501 2574 1561; x_wconf 91' lang='lat' dir='ltr'>ut</span> <span class='ocrx_word' id='word_1_64' title='bbox 2619 1497 3080 1562; x_wconf 78' lang='lat' dir='ltr'>recentissimi</span> 
     </span>
     <span class='ocr_line' id='line_1_9' title="bbox 731 1620 3079 1702; baseline -0.001 -14"><span class='ocrx_word' id='word_1_65' title='bbox 731 1627 1009 1688; x_wconf 88' lang='lat' dir='ltr'>tantum</span> <span class='ocrx_word' id='word_1_66' title='bbox 1069 1622 1349 1687; x_wconf 73' lang='lat' dir='ltr'>editoris</span> <span class='ocrx_word' id='word_1_67' title='bbox 1408 1620 1874 1685; x_wconf 70' lang='lat' dir='ltr'>dubitationes</span> <span class='ocrx_word' id='word_1_68' title='bbox 1921 1621 2210 1685; x_wconf 88' lang='lat' dir='ltr'>referam</span> <span class='ocrx_word' id='word_1_69' title='bbox 2265 1658 2326 1665; x_wconf 97' lang='lat'><strong>—</strong></span> <span class='ocrx_word' id='word_1_70' title='bbox 2375 1622 2540 1685; x_wconf 87' lang='lat' dir='ltr'>haec</span> <span class='ocrx_word' id='word_1_71' title='bbox 2603 1622 2848 1686; x_wconf 85' lang='lat' dir='ltr'>scribit</span> <span class='ocrx_word' id='word_1_72' title='bbox 2909 1625 3079 1702; x_wconf 86' lang='lat' dir='ltr'>(pag.</span> 
     </span>
     <span class='ocr_line' id='line_1_10' title="bbox 741 1744 3078 1829; baseline -0.001 -18"><span class='ocrx_word' id='word_1_73' title='bbox 741 1748 863 1811; x_wconf 81' lang='lat'>144</span> <span class='ocrx_word' id='word_1_74' title='bbox 913 1747 1088 1812; x_wconf 89' lang='lat' dir='ltr'>Nub.</span> <span class='ocrx_word' id='word_1_75' title='bbox 1136 1747 1238 1811; x_wconf 88' lang='lat' dir='ltr'>ed.</span> <span class='ocrx_word' id='word_1_76' title='bbox 1286 1746 1369 1809; x_wconf 89' lang='lat' dir='ltr'>ad</span> <span class='ocrx_word' id='word_1_77' title='bbox 1420 1763 1520 1809; x_wconf 89' lang='lat' dir='ltr'>vs.</span> <span class='ocrx_word' id='word_1_78' title='bbox 1562 1746 1751 1824; x_wconf 82' lang='grc'><strong>889);</strong></span> <span class='ocrx_word' id='word_1_79' title='bbox 1798 1744 2220 1829; x_wconf 84' lang='lat' dir='ltr'>„Fatendum</span> <span class='ocrx_word' id='word_1_80' title='bbox 2263 1748 2371 1809; x_wconf 87' lang='lat' dir='ltr'>est</span> <span class='ocrx_word' id='word_1_81' title='bbox 2403 1746 2736 1809; x_wconf 89' lang='lat' dir='ltr'>comicum</span> <span class='ocrx_word' id='word_1_82' title='bbox 2774 1745 3078 1826; x_wconf 85' lang='lat' dir='ltr'>perfunc-</span> 
     </span>
     <span class='ocr_line' id='line_1_11' title="bbox 734 1869 3080 1950; baseline -0.001 -15"><span class='ocrx_word' id='word_1_83' title='bbox 734 1872 908 1936; x_wconf 87' lang='lat' dir='ltr'>torie</span> <span class='ocrx_word' id='word_1_84' title='bbox 972 1870 1181 1935; x_wconf 89' lang='lat' dir='ltr'>nimis</span> <span class='ocrx_word' id='word_1_85' title='bbox 1242 1870 1367 1934; x_wconf 90' lang='lat' dir='ltr'>hoc</span> <span class='ocrx_word' id='word_1_86' title='bbox 1414 1869 1558 1933; x_wconf 94' lang='lat' dir='ltr'>loco</span> <span class='ocrx_word' id='word_1_87' title='bbox 1606 1886 1756 1933; x_wconf 87' lang='lat' dir='ltr'>esse</span> <span class='ocrx_word' id='word_1_88' title='bbox 1803 1875 2182 1949; x_wconf 79' lang='lat' dir='ltr'>versatum,</span> <span class='ocrx_word' id='word_1_89' title='bbox 2232 1870 2314 1934; x_wconf 90' lang='lat' dir='ltr'>de</span> <span class='ocrx_word' id='word_1_90' title='bbox 2361 1870 2850 1950; x_wconf 82' lang='lat' dir='ltr'>probabilitate</span> <span class='ocrx_word' id='word_1_91' title='bbox 2897 1886 3080 1933; x_wconf 89' lang='grc'><strong>66011-</strong></span> 
     </span>
     <span class='ocr_line' id='line_1_12' title="bbox 738 1991 3082 2076; baseline -0.001 -16"><span class='ocrx_word' id='word_1_92' title='bbox 738 2014 931 2075; x_wconf 89' lang='lat' dir='ltr'>rum;</span> <span class='ocrx_word' id='word_1_93' title='bbox 994 1997 1265 2076; x_wconf 76' lang='lat' dir='ltr'>frustra</span> <span class='ocrx_word' id='word_1_94' title='bbox 1324 1995 1495 2058; x_wconf 80' lang='lat' dir='ltr'>enim</span> <span class='ocrx_word' id='word_1_95' title='bbox 1542 1994 1902 2075; x_wconf 73' lang='lat' dir='ltr'>quaesieris</span> <span class='ocrx_word' id='word_1_96' title='bbox 1945 1995 2110 2075; x_wconf 79' lang='lat' dir='ltr'>quid</span> <span class='ocrx_word' id='word_1_97' title='bbox 2153 1995 2225 2058; x_wconf 80' lang='lat' dir='ltr'>in</span> <span class='ocrx_word' id='word_1_98' title='bbox 2272 1991 2760 2059; x_wconf 78' lang='lat' dir='ltr'>Socraticorum</span> <span class='ocrx_word' id='word_1_99' title='bbox 2807 1993 3082 2057; x_wconf 77' lang='lat' dir='ltr'>medita-</span> 
     </span>
     <span class='ocr_line' id='line_1_13' title="bbox 736 2117 3082 2201; baseline -0.001 -17"><span class='ocrx_word' id='word_1_100' title='bbox 736 2122 879 2184; x_wconf 75' lang='lat' dir='ltr'>culO</span> <span class='ocrx_word' id='word_1_101' title='bbox 963 2120 1165 2200; x_wconf 56' lang='lat' dir='ltr'>eyewlt</span> <span class='ocrx_word' id='word_1_102' title='bbox 1247 2117 1462 2197; x_wconf 80' lang='grc' dir='ltr'><em>Λόγος</em></span> <span class='ocrx_word' id='word_1_103' title='bbox 1542 2118 1804 2201; x_wconf 74' lang='grc' dir='ltr'><strong><em>δίκαιος,</em></strong></span> <span class='ocrx_word' id='word_1_104' title='bbox 1873 2122 1934 2183; x_wconf 74' lang='lat' dir='ltr'>et</span> <span class='ocrx_word' id='word_1_105' title='bbox 1999 2139 2078 2183; x_wconf 76' lang='lat' dir='ltr'>ne</span> <span class='ocrx_word' id='word_1_106' title='bbox 2144 2119 2360 2193; x_wconf 71' lang='grc' dir='ltr'><strong><em>ἄδικος</em></strong></span> <span class='ocrx_word' id='word_1_107' title='bbox 2425 2120 2690 2201; x_wconf 78' lang='lat' dir='ltr'>quidem</span> <span class='ocrx_word' id='word_1_108' title='bbox 2761 2118 3082 2200; x_wconf 77' lang='lat' dir='ltr'>quomodo</span> 
     </span>
     <span class='ocr_line' id='line_1_14' title="bbox 735 2243 3084 2325; baseline -0.002 -17"><span class='ocrx_word' id='word_1_109' title='bbox 735 2246 883 2308; x_wconf 77' lang='lat' dir='ltr'>inde</span> <span class='ocrx_word' id='word_1_110' title='bbox 930 2243 1147 2325; x_wconf 78' lang='lat' dir='ltr'>possit</span> <span class='ocrx_word' id='word_1_111' title='bbox 1207 2263 1383 2309; x_wconf 67' lang='lat' dir='ltr'>nzcnc</span> <span class='ocrx_word' id='word_1_112' title='bbox 1440 2243 1679 2308; x_wconf 80' lang='lat' dir='ltr'>arcessi</span> <span class='ocrx_word' id='word_1_113' title='bbox 1738 2243 1908 2307; x_wconf 81' lang='lat' dir='ltr'>satis</span> <span class='ocrx_word' id='word_1_114' title='bbox 1967 2248 2260 2325; x_wconf 72' lang='lat' dir='ltr'>apparet.</span> <span class='ocrx_word' id='word_1_115' title='bbox 2331 2243 2490 2307; x_wconf 82' lang='lat' dir='ltr'>Alia</span> <span class='ocrx_word' id='word_1_116' title='bbox 2551 2243 2736 2307; x_wconf 90' lang='lat' dir='ltr'>enim</span> <span class='ocrx_word' id='word_1_117' title='bbox 2802 2260 2914 2306; x_wconf 87' lang='lat' dir='ltr'>res</span> <span class='ocrx_word' id='word_1_118' title='bbox 2973 2243 3084 2304; x_wconf 83' lang='lat' dir='ltr'>est</span> 
     </span>
     <span class='ocr_line' id='line_1_15' title="bbox 738 2364 3084 2449; baseline -0.002 -17"><span class='ocrx_word' id='word_1_119' title='bbox 738 2385 894 2432; x_wconf 91' lang='lat' dir='ltr'>cum</span> <span class='ocrx_word' id='word_1_120' title='bbox 976 2367 1276 2431; x_wconf 88' lang='lat' dir='ltr'>rusticus</span> <span class='ocrx_word' id='word_1_121' title='bbox 1344 2386 1461 2449; x_wconf 90' lang='lat' dir='ltr'>pro</span> <span class='ocrx_word' id='word_1_122' title='bbox 1532 2384 1657 2431; x_wconf 86' lang='lat' dir='ltr'>sua</span> <span class='ocrx_word' id='word_1_123' title='bbox 1726 2367 2035 2431; x_wconf 89' lang='lat' dir='ltr'>stultitia</span> <span class='ocrx_word' id='word_1_124' title='bbox 2104 2368 2416 2448; x_wconf 85' lang='lat' dir='ltr'>perhibet</span> <span class='ocrx_word' id='word_1_125' title='bbox 2481 2364 2641 2431; x_wconf 68' lang='grc' dir='ltr'><strong><em>εἶναι</em></strong></span> <span class='ocrx_word' id='word_1_126' title='bbox 2713 2371 2887 2447; x_wconf 80' lang='grc' dir='ltr'><strong><em>παρὰ</em></strong></span> <span class='ocrx_word' id='word_1_127' title='bbox 2955 2380 3084 2438; x_wconf 81' lang='grc' dir='ltr'><em>τοῖς</em></span> 
     </span>
     <span class='ocr_line' id='line_1_16' title="bbox 740 2490 3084 2574; baseline -0.001 -17"><span class='ocrx_word' id='word_1_128' title='bbox 740 2492 1099 2574; x_wconf 77' lang='grc' dir='ltr'><strong><em>φιλοσόφοις</em></strong></span> <span class='ocrx_word' id='word_1_129' title='bbox 1156 2493 1326 2556; x_wconf 89' lang='lat' dir='ltr'>duos</span> <span class='ocrx_word' id='word_1_130' title='bbox 1372 2492 1525 2557; x_wconf 88' lang='lat' dir='ltr'>illos</span> <span class='ocrx_word' id='word_1_131' title='bbox 1572 2490 1818 2570; x_wconf 77' lang='grc' dir='ltr'><em>λόγους,</em></span> <span class='ocrx_word' id='word_1_132' title='bbox 1864 2491 2000 2557; x_wconf 84' lang='lat' dir='ltr'>alia</span> <span class='ocrx_word' id='word_1_133' title='bbox 2047 2509 2206 2557; x_wconf 90' lang='lat' dir='ltr'>cum</span> <span class='ocrx_word' id='word_1_134' title='bbox 2254 2510 2496 2557; x_wconf 87' lang='lat' dir='ltr'>revera</span> <span class='ocrx_word' id='word_1_135' title='bbox 2540 2496 2742 2558; x_wconf 89' lang='lat' dir='ltr'>ambo</span> <span class='ocrx_word' id='word_1_136' title='bbox 2789 2510 2826 2557; x_wconf 91' lang='lat' dir='ltr'>e</span> <span class='ocrx_word' id='word_1_137' title='bbox 2875 2492 3084 2573; x_wconf 89' lang='lat' dir='ltr'>philo·</span> 
     </span>
     <span class='ocr_line' id='line_1_17' title="bbox 741 2615 3082 2699; baseline -0.002 -17"><span class='ocrx_word' id='word_1_138' title='bbox 741 2619 1110 2699; x_wconf 86' lang='lat' dir='ltr'>sophorum</span> <span class='ocrx_word' id='word_1_139' title='bbox 1159 2616 1355 2681; x_wconf 90' lang='lat' dir='ltr'>domo</span> <span class='ocrx_word' id='word_1_140' title='bbox 1401 2618 1471 2681; x_wconf 90' lang='lat' dir='ltr'>in</span> <span class='ocrx_word' id='word_1_141' title='bbox 1524 2617 1823 2681; x_wconf 90' lang='lat' dir='ltr'>medium</span> <span class='ocrx_word' id='word_1_142' title='bbox 1874 2616 2228 2698; x_wconf 90' lang='lat' dir='ltr'>prodeunt.</span> <span class='ocrx_word' id='word_1_143' title='bbox 2303 2616 2664 2681; x_wconf 89' lang='lat' dir='ltr'>Vivuntne</span> <span class='ocrx_word' id='word_1_144' title='bbox 2711 2617 2853 2681; x_wconf 90' lang='lat' dir='ltr'>illic</span> <span class='ocrx_word' id='word_1_145' title='bbox 2889 2615 3082 2680; x_wconf 89' lang='lat' dir='ltr'>disci·</span> 
     </span>
     <span class='ocr_line' id='line_1_18' title="bbox 739 2740 3086 2822; baseline 0 -17"><span class='ocrx_word' id='word_1_146' title='bbox 739 2740 1054 2822; x_wconf 89' lang='lat' dir='ltr'>pulorum</span> <span class='ocrx_word' id='word_1_147' title='bbox 1103 2740 1285 2820; x_wconf 82' lang='lat' dir='ltr'>gregi</span> <span class='ocrx_word' id='word_1_148' title='bbox 1334 2741 1779 2805; x_wconf 81' lang='lat' dir='ltr'>intermixti?</span> <span class='ocrx_word' id='word_1_149' title='bbox 1846 2741 1938 2803; x_wconf 81' lang='lat' dir='ltr'>At</span> <span class='ocrx_word' id='word_1_150' title='bbox 1979 2740 2094 2803; x_wconf 81' lang='lat' dir='ltr'>hoc</span> <span class='ocrx_word' id='word_1_151' title='bbox 2137 2741 2546 2804; x_wconf 79' lang='lat' dir='ltr'>absurdum!</span> <span class='ocrx_word' id='word_1_152' title='bbox 2594 2742 2683 2805; x_wconf 86' lang='lat' dir='ltr'>Et</span> <span class='ocrx_word' id='word_1_153' title='bbox 2729 2741 2842 2821; x_wconf 92' lang='lat' dir='ltr'>qui</span> <span class='ocrx_word' id='word_1_154' title='bbox 2894 2742 2972 2805; x_wconf 89' lang='lat' dir='ltr'>fit</span> <span class='ocrx_word' id='word_1_155' title='bbox 3003 2745 3086 2805; x_wconf 90' lang='lat' dir='ltr'>ut</span> 
     </span>
     <span class='ocr_line' id='line_1_19' title="bbox 740 2865 3086 2947; baseline 0 -17"><span class='ocrx_word' id='word_1_156' title='bbox 740 2883 901 2931; x_wconf 84' lang='lat' dir='ltr'>mox</span> <span class='ocrx_word' id='word_1_157' title='bbox 965 2882 1049 2929; x_wconf 90' lang='lat' dir='ltr'>ne</span> <span class='ocrx_word' id='word_1_158' title='bbox 1111 2881 1312 2929; x_wconf 85' lang='lat' dir='ltr'>nosse</span> <span class='ocrx_word' id='word_1_159' title='bbox 1376 2865 1647 2944; x_wconf 89' lang='lat' dir='ltr'>quidem</span> <span class='ocrx_word' id='word_1_160' title='bbox 1710 2883 1784 2930; x_wconf 87' lang='lat' dir='ltr'>se</span> <span class='ocrx_word' id='word_1_161' title='bbox 1849 2865 2214 2930; x_wconf 85' lang='lat' dir='ltr'>videantur</span> <span class='ocrx_word' id='word_1_162' title='bbox 2261 2865 2608 2930; x_wconf 79' lang='lat' dir='ltr'>invicem?</span> <span class='ocrx_word' id='word_1_163' title='bbox 2677 2865 2805 2947; x_wconf 82' lang='lat' dir='ltr'>Qui</span> <span class='ocrx_word' id='word_1_164' title='bbox 2853 2870 3086 2947; x_wconf 88' lang='lat' dir='ltr'>potest</span> 
     </span>
     <span class='ocr_line' id='line_1_20' title="bbox 737 2988 3083 3071; baseline 0 -17"><span class='ocrx_word' id='word_1_165' title='bbox 737 2990 977 3054; x_wconf 84' lang='lat' dir='ltr'>Iustus</span> <span class='ocrx_word' id='word_1_166' title='bbox 1044 2988 1159 3052; x_wconf 92' lang='lat' dir='ltr'>ille</span> <span class='ocrx_word' id='word_1_167' title='bbox 1204 2989 1274 3052; x_wconf 92' lang='lat' dir='ltr'>in</span> <span class='ocrx_word' id='word_1_168' title='bbox 1324 2989 1457 3052; x_wconf 85' lang='lat' dir='ltr'>fine</span> <span class='ocrx_word' id='word_1_169' title='bbox 1503 2989 1973 3054; x_wconf 79' lang='lat' dir='ltr'>altercationis</span> <span class='ocrx_word' id='word_1_170' title='bbox 2019 2993 2247 3054; x_wconf 87' lang='lat' dir='ltr'>castra</span> <span class='ocrx_word' id='word_1_171' title='bbox 2295 2989 2800 3055; x_wconf 84' lang='lat' dir='ltr'>Socraticorum</span> <span class='ocrx_word' id='word_1_172' title='bbox 2849 2994 3083 3071; x_wconf 87' lang='lat' dir='ltr'>petere</span> 
     </span>
     <span class='ocr_line' id='line_1_21' title="bbox 738 3113 3084 3194; baseline -0 -16"><span class='ocrx_word' id='word_1_173' title='bbox 738 3114 1119 3194; x_wconf 78' lang='lat' dir='ltr'>transfuga,</span> <span class='ocrx_word' id='word_1_174' title='bbox 1178 3113 1234 3176; x_wconf 91' lang='lat' dir='ltr'>si</span> <span class='ocrx_word' id='word_1_175' title='bbox 1283 3113 1537 3178; x_wconf 88' lang='lat' dir='ltr'>dudum</span> <span class='ocrx_word' id='word_1_176' title='bbox 1587 3115 1764 3194; x_wconf 88' lang='lat' dir='ltr'>apud</span> <span class='ocrx_word' id='word_1_177' title='bbox 1814 3131 1932 3178; x_wconf 89' lang='lat' dir='ltr'>eos</span> <span class='ocrx_word' id='word_1_178' title='bbox 1977 3115 2384 3179; x_wconf 76' lang='lat' dir='ltr'>habitabat?</span> <span class='ocrx_word' id='word_1_179' title='bbox 2457 3116 2564 3179; x_wconf 90' lang='lat' dir='ltr'>Ad</span> <span class='ocrx_word' id='word_1_180' title='bbox 2613 3114 3084 3179; x_wconf 85' lang='lat' dir='ltr'>huiuscemodi</span> 
     </span>
     <span class='ocr_line' id='line_1_22' title="bbox 739 3237 3082 3320; baseline -0.001 -18"><span class='ocrx_word' id='word_1_181' title='bbox 739 3238 1177 3318; x_wconf 81' lang='lat' dir='ltr'>quaestiones</span> <span class='ocrx_word' id='word_1_182' title='bbox 1255 3237 1399 3318; x_wconf 86' lang='lat' dir='ltr'>ipsc</span> <span class='ocrx_word' id='word_1_183' title='bbox 1470 3241 1674 3318; x_wconf 90' lang='lat' dir='ltr'>poeta</span> <span class='ocrx_word' id='word_1_184' title='bbox 1743 3239 2153 3320; x_wconf 87' lang='lat' dir='ltr'>respondero</span> <span class='ocrx_word' id='word_1_185' title='bbox 2224 3257 2358 3304; x_wconf 90' lang='lat' dir='ltr'>non</span> <span class='ocrx_word' id='word_1_186' title='bbox 2409 3240 2772 3320; x_wconf 73' lang='lat' dir='ltr'>potuisset,</span> <span class='ocrx_word' id='word_1_187' title='bbox 2819 3239 3082 3320; x_wconf 77' lang='lat' dir='ltr'>opinor,</span> 
     </span>
     <span class='ocr_line' id='line_1_23' title="bbox 740 3365 2204 3443; baseline 0 -16"><span class='ocrx_word' id='word_1_188' title='bbox 740 3365 1155 3443; x_wconf 85' lang='lat' dir='ltr'>quapropter</span> <span class='ocrx_word' id='word_1_189' title='bbox 1202 3365 1507 3441; x_wconf 82' lang='lat' dir='ltr'>praestat</span> <span class='ocrx_word' id='word_1_190' title='bbox 1552 3379 1668 3426; x_wconf 84' lang='lat' dir='ltr'>eas</span> <span class='ocrx_word' id='word_1_191' title='bbox 1716 3380 1850 3426; x_wconf 90' lang='lat' dir='ltr'>non</span> <span class='ocrx_word' id='word_1_192' title='bbox 1899 3365 2204 3442; x_wconf 81' lang='lat' dir='ltr'>urgere.’&#39;</span> 
     </span>
    </p>

    <p class='ocr_par' dir='ltr' id='par_1_3' title="bbox 743 3486 3096 4805">
     <span class='ocr_line' id='line_1_24' title="bbox 830 3486 3085 3552; baseline 0 -2"><span class='ocrx_word' id='word_1_193' title='bbox 830 3486 1133 3550; x_wconf 84' lang='lat' dir='ltr'>Concedo</span> <span class='ocrx_word' id='word_1_194' title='bbox 1198 3487 1535 3550; x_wconf 81' lang='lat' dir='ltr'>rusticum</span> <span class='ocrx_word' id='word_1_195' title='bbox 1584 3487 1732 3550; x_wconf 88' lang='lat' dir='ltr'>sine</span> <span class='ocrx_word' id='word_1_196' title='bbox 1779 3487 1980 3552; x_wconf 87' lang='lat' dir='ltr'>dubio</span> <span class='ocrx_word' id='word_1_197' title='bbox 2030 3488 2232 3551; x_wconf 85' lang='lat' dir='ltr'>fando</span> <span class='ocrx_word' id='word_1_198' title='bbox 2279 3491 2557 3551; x_wconf 86' lang='lat' dir='ltr'>tantum</span> <span class='ocrx_word' id='word_1_199' title='bbox 2605 3487 2954 3552; x_wconf 85' lang='lat' dir='ltr'>audivisse</span> <span class='ocrx_word' id='word_1_200' title='bbox 3001 3487 3085 3550; x_wconf 88' lang='lat' dir='ltr'>de</span> 
     </span>
     <span class='ocr_line' id='line_1_25' title="bbox 743 3611 3087 3690; baseline -0 -16"><span class='ocrx_word' id='word_1_201' title='bbox 743 3612 1005 3674; x_wconf 85' lang='lat' dir='ltr'>duobus</span> <span class='ocrx_word' id='word_1_202' title='bbox 1087 3611 1313 3689; x_wconf 71' lang='grc' dir='ltr'><strong><em>λόγοις,</em></strong></span> <span class='ocrx_word' id='word_1_203' title='bbox 1396 3611 1510 3674; x_wconf 85' lang='lat' dir='ltr'>sed</span> <span class='ocrx_word' id='word_1_204' title='bbox 1591 3628 1709 3690; x_wconf 88' lang='lat' dir='ltr'>pro</span> <span class='ocrx_word' id='word_1_205' title='bbox 1781 3617 1968 3676; x_wconf 88' lang='lat' dir='ltr'>certo</span> <span class='ocrx_word' id='word_1_206' title='bbox 2042 3613 2252 3676; x_wconf 87' lang='lat' dir='ltr'>habeo</span> <span class='ocrx_word' id='word_1_207' title='bbox 2321 3629 2482 3676; x_wconf 90' lang='lat' dir='ltr'>eum</span> <span class='ocrx_word' id='word_1_208' title='bbox 2551 3611 2900 3676; x_wconf 80' lang='lat' dir='ltr'>audivisse</span> <span class='ocrx_word' id='word_1_209' title='bbox 2967 3627 3087 3674; x_wconf 88' lang='lat' dir='ltr'>eos</span> 
     </span>
     <span class='ocr_line' id='line_1_26' title="bbox 746 3735 3086 3817; baseline 0 -20"><span class='ocrx_word' id='word_1_210' title='bbox 746 3737 983 3798; x_wconf 84' lang='lat' dir='ltr'>ambos</span> <span class='ocrx_word' id='word_1_211' title='bbox 1027 3753 1177 3800; x_wconf 88' lang='lat' dir='ltr'>esse</span> <span class='ocrx_word' id='word_1_212' title='bbox 1221 3735 1397 3816; x_wconf 86' lang='lat' dir='ltr'>apud</span> <span class='ocrx_word' id='word_1_213' title='bbox 1446 3735 1883 3817; x_wconf 86' lang='lat' dir='ltr'>philosophos</span> <span class='ocrx_word' id='word_1_214' title='bbox 1941 3773 2002 3780; x_wconf 85' lang='lat'>—</span> <span class='ocrx_word' id='word_1_215' title='bbox 2061 3737 2186 3800; x_wconf 92' lang='lat' dir='ltr'>hoc</span> <span class='ocrx_word' id='word_1_216' title='bbox 2231 3737 2416 3800; x_wconf 89' lang='lat' dir='ltr'>enim</span> <span class='ocrx_word' id='word_1_217' title='bbox 2465 3737 2840 3801; x_wconf 84' lang='lat' dir='ltr'>identidem</span> <span class='ocrx_word' id='word_1_218' title='bbox 2887 3751 3086 3816; x_wconf 84' lang='lat' dir='ltr'>appa·</span> 
     </span>
     <span class='ocr_line' id='line_1_27' title="bbox 748 3859 3086 3940; baseline 0 -18"><span class='ocrx_word' id='word_1_219' title='bbox 748 3863 856 3922; x_wconf 89' lang='lat' dir='ltr'>ret</span> <span class='ocrx_word' id='word_1_220' title='bbox 914 3879 1007 3939; x_wconf 88' lang='lat'>—;</span> <span class='ocrx_word' id='word_1_221' title='bbox 1055 3859 1213 3938; x_wconf 90' lang='lat' dir='ltr'>quid</span> <span class='ocrx_word' id='word_1_222' title='bbox 1283 3861 1377 3924; x_wconf 88' lang='lat' dir='ltr'>sit</span> <span class='ocrx_word' id='word_1_223' title='bbox 1436 3859 1828 3938; x_wconf 69' lang='grc' dir='ltr'>διαλέγεσθαι</span> <span class='ocrx_word' id='word_1_224' title='bbox 1893 3861 2116 3925; x_wconf 87' lang='lat' dir='ltr'>nescit</span> <span class='ocrx_word' id='word_1_225' title='bbox 2175 3877 2398 3940; x_wconf 86' lang='lat' dir='ltr'>neque</span> <span class='ocrx_word' id='word_1_226' title='bbox 2462 3864 2770 3925; x_wconf 87' lang='lat' dir='ltr'>moratur</span> <span class='ocrx_word' id='word_1_227' title='bbox 2817 3861 3086 3940; x_wconf 75' lang='lat' dir='ltr'>brutuS‚</span> 
     </span>
     <span class='ocr_line' id='line_1_28' title="bbox 748 3982 3084 4065; baseline 0 -21"><span class='ocrx_word' id='word_1_228' title='bbox 748 3987 853 4045; x_wconf 74' lang='grc' dir='ltr'>τὸν</span> <span class='ocrx_word' id='word_1_229' title='bbox 903 3982 1069 4064; x_wconf 69' lang='grc' dir='ltr'><em>ἥττω</em></span> <span class='ocrx_word' id='word_1_230' title='bbox 1114 3987 1344 4046; x_wconf 87' lang='lat' dir='ltr'>autem</span> <span class='ocrx_word' id='word_1_231' title='bbox 1394 3983 1603 4062; x_wconf 69' lang='grc' dir='ltr'><em>λόγον,</em></span> <span class='ocrx_word' id='word_1_232' title='bbox 1652 4001 1854 4064; x_wconf 88' lang='lat' dir='ltr'>quem</span> <span class='ocrx_word' id='word_1_233' title='bbox 1902 3983 2173 4047; x_wconf 86' lang='lat' dir='ltr'>audivit</span> <span class='ocrx_word' id='word_1_234' title='bbox 2215 3984 2446 4048; x_wconf 87' lang='lat' dir='ltr'>omnia</span> <span class='ocrx_word' id='word_1_235' title='bbox 2493 4001 2714 4065; x_wconf 76' lang='lat' dir='ltr'>posse,</span> <span class='ocrx_word' id='word_1_236' title='bbox 2757 3983 2842 4048; x_wconf 86' lang='lat' dir='ltr'>ad</span> <span class='ocrx_word' id='word_1_237' title='bbox 2879 3999 3084 4046; x_wconf 86' lang='lat' dir='ltr'>usum</span> 
     </span>
     <span class='ocr_line' id='line_1_29' title="bbox 747 4107 3088 4188; baseline 0 -20"><span class='ocrx_word' id='word_1_238' title='bbox 747 4123 947 4169; x_wconf 89' lang='lat' dir='ltr'>suum</span> <span class='ocrx_word' id='word_1_239' title='bbox 1010 4107 1383 4170; x_wconf 78' lang='lat' dir='ltr'>transferre</span> <span class='ocrx_word' id='word_1_240' title='bbox 1443 4126 1647 4187; x_wconf 76' lang='lat' dir='ltr'>quain</span> <span class='ocrx_word' id='word_1_241' title='bbox 1716 4107 2014 4170; x_wconf 83' lang='lat' dir='ltr'>maxime</span> <span class='ocrx_word' id='word_1_242' title='bbox 2065 4107 2273 4188; x_wconf 87' lang='lat' dir='ltr'>cupit.</span> <span class='ocrx_word' id='word_1_243' title='bbox 2347 4109 2556 4171; x_wconf 90' lang='lat' dir='ltr'>Porro</span> <span class='ocrx_word' id='word_1_244' title='bbox 2605 4123 2836 4171; x_wconf 88' lang='lat' dir='ltr'>nonne</span> <span class='ocrx_word' id='word_1_245' title='bbox 2885 4107 3088 4170; x_wconf 85' lang='lat' dir='ltr'>comi-</span> 
     </span>
     <span class='ocr_line' id='line_1_30' title="bbox 748 4231 3088 4310; baseline 0 -18"><span class='ocrx_word' id='word_1_246' title='bbox 748 4248 902 4293; x_wconf 89' lang='lat' dir='ltr'>cum</span> <span class='ocrx_word' id='word_1_247' title='bbox 964 4231 1227 4294; x_wconf 80' lang='lat' dir='ltr'>excitat</span> <span class='ocrx_word' id='word_1_248' title='bbox 1287 4231 1607 4296; x_wconf 82' lang='lat' dir='ltr'>effectum</span> <span class='ocrx_word' id='word_1_249' title='bbox 1668 4237 1775 4295; x_wconf 76' lang='grc' dir='ltr'>τὸν</span> <span class='ocrx_word' id='word_1_250' title='bbox 1837 4234 2092 4294; x_wconf 78' lang='grc' dir='ltr'><strong><em>Δίκαιον</em></strong></span> <span class='ocrx_word' id='word_1_251' title='bbox 2141 4238 2271 4308; x_wconf 83' lang='lat' dir='ltr'>(vs.</span> <span class='ocrx_word' id='word_1_252' title='bbox 2319 4233 2472 4310; x_wconf 74' lang='lat'>893)</span> <span class='ocrx_word' id='word_1_253' title='bbox 2520 4231 3088 4310; x_wconf 85' lang='lat' dir='ltr'>commilitonem,</span> 
     </span>
     <span class='ocr_line' id='line_1_31' title="bbox 746 4352 3090 4438; baseline 0.001 -23"><span class='ocrx_word' id='word_1_254' title='bbox 746 4375 937 4436; x_wconf 77' lang='lat' dir='ltr'>quem</span> <span class='ocrx_word' id='word_1_255' title='bbox 981 4355 1218 4436; x_wconf 76' lang='lat' dir='ltr'>optimc</span> <span class='ocrx_word' id='word_1_256' title='bbox 1263 4356 1464 4435; x_wconf 72' lang='lat' dir='ltr'>novit,</span> <span class='ocrx_word' id='word_1_257' title='bbox 1512 4373 1782 4436; x_wconf 84' lang='lat' dir='ltr'>rogare:</span> <span class='ocrx_word' id='word_1_258' title='bbox 1833 4358 1923 4429; x_wconf 79' lang='grc' dir='ltr'>τίς</span> <span class='ocrx_word' id='word_1_259' title='bbox 1969 4352 2108 4438; x_wconf 66' lang='grc' dir='ltr'>εἶ;“.&gt;</span> <span class='ocrx_word' id='word_1_260' title='bbox 2157 4356 2321 4420; x_wconf 85' lang='lat' dir='ltr'>Eam</span> <span class='ocrx_word' id='word_1_261' title='bbox 2371 4355 2753 4419; x_wconf 86' lang='lat' dir='ltr'>adhibendo</span> <span class='ocrx_word' id='word_1_262' title='bbox 2801 4353 3090 4434; x_wconf 85' lang='lat' dir='ltr'>rogatio-</span> 
     </span>
     <span class='ocr_line' id='line_1_32' title="bbox 751 4479 3096 4562; baseline 0 -21"><span class='ocrx_word' id='word_1_263' title='bbox 751 4495 907 4541; x_wconf 85' lang='lat' dir='ltr'>nem</span> <span class='ocrx_word' id='word_1_264' title='bbox 977 4481 1180 4558; x_wconf 87' lang='lat' dir='ltr'>pocta</span> <span class='ocrx_word' id='word_1_265' title='bbox 1248 4481 1453 4543; x_wconf 87' lang='lat' dir='ltr'>simul</span> <span class='ocrx_word' id='word_1_266' title='bbox 1523 4480 1753 4561; x_wconf 75' lang='lat' dir='ltr'>efficit,</span> <span class='ocrx_word' id='word_1_267' title='bbox 1824 4486 1902 4545; x_wconf 88' lang='lat' dir='ltr'>ut</span> <span class='ocrx_word' id='word_1_268' title='bbox 1972 4484 2394 4562; x_wconf 85' lang='lat' dir='ltr'>spectatores</span> <span class='ocrx_word' id='word_1_269' title='bbox 2463 4479 2862 4560; x_wconf 72' lang='lat' dir='ltr'>doceantur,</span> <span class='ocrx_word' id='word_1_270' title='bbox 2933 4483 3096 4542; x_wconf 82' lang='lat' dir='ltr'>uter</span> 
     </span>
     <span class='ocr_line' id='line_1_33' title="bbox 751 4601 3093 4688; baseline 0.001 -24"><span class='ocrx_word' id='word_1_271' title='bbox 751 4601 1161 4664; x_wconf 80' lang='lat' dir='ltr'>histrionum</span> <span class='ocrx_word' id='word_1_272' title='bbox 1212 4605 1681 4682; x_wconf 83' lang='lat' dir='ltr'>repraesentet</span> <span class='ocrx_word' id='word_1_273' title='bbox 1728 4609 1835 4668; x_wconf 78' lang='grc' dir='ltr'>τὸν</span> <span class='ocrx_word' id='word_1_274' title='bbox 1883 4605 2071 4688; x_wconf 69' lang='grc' dir='ltr'><em>ἥττω,</em></span> <span class='ocrx_word' id='word_1_275' title='bbox 2113 4609 2266 4670; x_wconf 90' lang='lat' dir='ltr'>uter</span> <span class='ocrx_word' id='word_1_276' title='bbox 2300 4609 2405 4668; x_wconf 75' lang='grc' dir='ltr'>τὸν</span> <span class='ocrx_word' id='word_1_277' title='bbox 2442 4607 2744 4685; x_wconf 62' lang='grc' dir='ltr'>κρείττωῑ</span> <span class='ocrx_word' id='word_1_278' title='bbox 2783 4619 2902 4668; x_wconf 79' lang='grc'>606</span> <span class='ocrx_word' id='word_1_279' title='bbox 2933 4619 3093 4666; x_wconf 85' lang='lat' dir='ltr'>esse</span> 
     </span>
     <span class='ocr_line' id='line_1_34' title="bbox 754 4723 2337 4805; baseline 0.004 -19"><span class='ocrx_word' id='word_1_280' title='bbox 754 4730 839 4786; x_wconf 80' lang='grc' dir='ltr'>τὼ</span> <span class='ocrx_word' id='word_1_281' title='bbox 888 4723 1086 4802; x_wconf 73' lang='grc' dir='ltr'>Λόγω</span> <span class='ocrx_word' id='word_1_282' title='bbox 1134 4725 1267 4788; x_wconf 86' lang='lat' dir='ltr'>iam</span> <span class='ocrx_word' id='word_1_283' title='bbox 1318 4725 1631 4790; x_wconf 68' lang='lat' dir='ltr'>Socrates</span> <span class='ocrx_word' id='word_1_284' title='bbox 1676 4733 1798 4805; x_wconf 86' lang='lat' dir='ltr'>(vs.</span> <span class='ocrx_word' id='word_1_285' title='bbox 1845 4731 1998 4804; x_wconf 74' lang='grc'><strong>886)</strong></span> <span class='ocrx_word' id='word_1_286' title='bbox 2043 4730 2337 4792; x_wconf 76' lang='lat' dir='ltr'>dixerat.</span> 
     </span>
    </p>
   </div>
   <div class='ocr_carea' id='block_1_3' title="bbox 3439 2 3442 5673">
    <p class='ocr_par' dir='ltr' id='par_1_4' title="bbox 3439 2 3442 5673">
     <span class='ocr_line' id='line_1_35' title="bbox 3439 2 3442 5673; baseline 0 0"><span class='ocrx_word' id='word_1_287' title='bbox 3439 2 3442 5673; x_wconf 95' lang='lat' dir='ltr'> </span> 
     </span>
    </p>
   </div>
  </div>
 </body>
</html>
