3478 5737
1511 594 1597 655 65

471 793 508 862 5·
558 787 618 848 7.
715 785 827 848 W.
893 784 959 848 S.
1025 783 1356 864 TEUFFEL,
1400 783 1450 858 1)
1507 802 1640 864 quo
1688 785 1914 849 iudice
1968 786 2203 868 „valde
2250 786 2572 850 credibile
2618 791 2725 850 est

381 909 596 972 etiam
629 909 794 972 illud
841 913 1162 973 certamen
1201 908 1518 972 secundis
1551 909 1829 974 demum
1858 909 2171 974 Nubibus
2194 927 2324 974 esse
2346 910 2721 989 additum”,

381 1033 698 1112 inprimis
743 1033 893 1097 ideo
940 1033 1089 1096 eius
1135 1033 1526 1096 sententiae
1573 1033 1787 1096 fuisse
1835 1033 2127 1113 videtur,
2178 1033 2353 1112 quod
2386 1034 2721 1112 sumebat,

382 1157 916 1238 Aristophanem
965 1173 1086 1237 per
1129 1161 1237 1220 τὸν
1287 1157 1568 1220 ”Admau
1617 1163 1837 1235 Λόγον
1881 1157 2231 1221 Socratem
2264 1157 2566 1221 voluisse
2600 1157 2721 1236 sig-

381 1279 675 1344 nificare.
724 1280 1047 1360 Legimus
1085 1282 1305 1345 enim:
1359 1280 1695 1364 „Videtur
1726 1299 1929 1345 suum
1964 1281 2046 1345 de
2081 1279 2359 1344 Socrate
2394 1280 2724 1344 iudicium

379 1403 476 1468 ita
537 1408 844 1468 mutasse
911 1407 990 1468 ut
1053 1422 1254 1484 quem
1305 1405 1374 1470 in
1421 1406 1599 1469 actis
1647 1405 1961 1470 Nubibus
2008 1405 2419 1469 exhibuerat
2466 1409 2545 1466 ut
2592 1404 2721 1484 syl-

379 1528 688 1592 labarum
751 1546 1083 1609 aucupem
1150 1533 1278 1593 etc.
1311 1579 1366 1592 ..
1432 1547 1588 1593 eum
1639 1529 1775 1593 iam
1826 1530 2101 1592 doceret
2146 1546 2294 1591 csse
2342 1528 2599 1591 socium
2650 1531 2723 1591 et

378 1651 782 1731 signiferum
831 1653 1100 1717 illorum
1153 1655 1267 1732 qui
1317 1671 1558 1718 eversa
1589 1653 1816 1733 prisca
1848 1653 2291 1733 simplicitate
2324 1654 2719 1716 iuventutem

377 1776 719 1840 redderent
779 1778 1074 1857 impiam,
1136 1778 1658 1858 inverecundam,
1703 1797 2069 1859 procacem,
2124 1777 2553 1857 libidinosam,
2603 1776 2723 1840 ita-

379 1916 509 1978 que
579 1899 974 1964 ostenderet
1042 1917 1164 1964 suo
1235 1901 1414 1964 iure.
1452 1917 1526 1964 se
1593 1918 1749 1965 cum
1820 1901 2150 1982 sophistis
2210 1900 2722 1964 commiscuisse

381 2023 798 2086 Socratem.'‘

467 2145 548 2210 In
596 2146 893 2211 editione
941 2164 1066 2211 sua
1113 2147 1524 2212 Germanica
1569 2149 1807 2228 (praef.
1856 2165 2122 2213 excurS.
2158 2147 2257 2212 III
2296 2166 2357 2228 p.
2393 2149 2498 2228 29,
2530 2149 2722 2224 1867)

379 2271 473 2334 sic
521 2271 975 2335 ratiocinatus
1011 2275 1121 2335 est
1152 2272 1259 2335 vir
1292 2271 1564 2335 doctus:
1621 2271 1788 2355 „Als
1827 2273 2071 2336 Zweck
2112 2272 2229 2336 des
2262 2271 2725 2352 Zweikampfs

380 2395 497 2458 der
561 2395 798 2460 beiden
867 2396 1066 2476 Logoi
1131 2397 1304 2460 wird
1356 2397 1482 2460 937
1535 2398 1580 2461 f.
1628 2399 2055 2478 angegebon:
2107 2395 2277 2467 ὅπως
2323 2397 2400 2459 ἂν
2450 2399 2721 2470 ἀκούσας

383 2517 552 2602 σφῷν
585 2519 1098 2600 Ἀντιλεγόντοιν
1126 2525 1340 2605 κρίνας
1366 2535 1552 2607 φοιτᾷ
1578 2522 1905 2599 (niimlich
1933 2521 2455 2604 Pheidippides).
2510 2521 2723 2585 Nach-

380 2645 532 2709 dem
583 2645 794 2710 daher
846 2647 1016 2712 1103
1063 2647 1130 2724 ff.
1181 2647 1300 2711 der
1345 2647 1562 2725 Λόγος
1601 2647 1841 2718 δίκαιος
1880 2647 2024 2710 sich
2065 2645 2281 2710 selbst
2314 2646 2425 2709 fiir
2462 2646 2723 2724 besicgt

379 2769 640 2833 erklart
709 2770 832 2834 hat
901 2771 1038 2834 und
1100 2771 1168 2834 in
1233 2772 1356 2835 clas
1418 2773 1638 2852 Layer
1697 2772 1809 2834 des
1868 2771 2158 2850 Geyners
2204 2771 2720 2848 ilbergegangen

379 2894 488 2975 ist,
559 2911 656 2976 so,
726 2895 925 2959 sollte
997 2912 1150 2959 man
1219 2897 1514 2977 meinen,
1581 2897 1894 2959 versteht
1954 2913 2028 2958 es
2090 2894 2231 2959 sich
2299 2894 2469 2957 nach
2526 2894 2722 2973 Jencr

379 3017 1098 3098 Zweckbestimmung
1145 3038 1280 3083 von
1329 3020 1546 3085 selbst
1592 3020 1752 3083 dass
1790 3018 2273 3098 Pheidippides
2311 3018 2463 3081 dem
2506 3016 2721 3097 Λόγος

378 3142 592 3215 ἄδικος
675 3141 941 3222 zufallt,
1020 3142 1164 3207 sich
1249 3144 1319 3206 in
1404 3143 1646 3207 dessen
1736 3142 1986 3207 Schule
2078 3143 2311 3221 begibt
2386 3143 2521 3205 und
2602 3143 2723 3205 der

381 3267 633 3331 Lehrer
704 3266 1119 3344 (Socrates?)
1206 3267 1336 3331 mit
1405 3268 1558 3331 dem
1630 3282 2233 3346 neugewonnenen
2304 3265 2439 3329 und
2511 3266 2721 3328 durch

380 3389 628 3455 laeissen
671 3390 946 3471 Kampf
979 3392 1302 3454 erobcrten
1351 3388 1628 3455 Schic'ler
1677 3390 2199 3471 trimnplzierencl
2244 3390 2517 3453 abzielct.
2585 3389 2717 3453 Um

379 3532 454 3577 so
516 3514 712 3577 mehr
758 3514 908 3577 sind
959 3514 1086 3577 wir
1135 3515 1542 3579 iiberrascht
1584 3515 1656 3578 in
1705 3514 1790 3579 V.
1846 3514 2279 3577 1105-—1112
2331 3529 2462 3577 von
2512 3512 2715 3576 allem

379 3637 535 3702 dem
582 3638 706 3703 clas
757 3638 1132 3718 Geqentheil
1176 3656 1262 3703 zu
1309 3638 1602 3720 finden,'’
1650 3656 1706 3703 e.
1734 3656 1798 3718 q.
1822 3656 1874 3702 s,

469 3760 778 3825 Teuffelii
825 3761 1130 3842 opinioni
1181 3763 1344 3825 haec
1391 3761 1560 3825 libet
1608 3777 1967 3842 opponere.

467 3885 779 3949 Primum
865 3902 1001 3948 vss.
1091 3885 1260 3948 1105
1339 3888 1410 3948 et
1487 3885 1612 3948 937
1693 3884 1942 3949 idcirco
2024 3884 2307 3948 minime
2385 3886 2570 3947 inter
2649 3902 2720 3947 so

378 4025 678 4088 pugnare
747 4024 1008 4089 censeo,
1079 4008 1254 4086 quod
1323 4026 1417 4071 vs.
1481 4009 1608 4072 937
1673 4007 1980 4086 loquitur
2046 4008 2315 4087 Chorus,
2364 4025 2499 4070 vss.
2552 4008 2719 4071 1105

378 4148 522 4210 sqq.
590 4136 831 4205 contra
902 4128 1220 4211 Socrates,
1292 4132 1406 4209 qui
1472 4134 1712 4210 utpote
1776 4130 2218 4212 philosophus
2278 4130 2720 4211 circumspec-

377 4259 512 4333 tuS,
561 4270 728 4318 suae
777 4254 1105 4317 utilitatis
1152 4255 1534 4331 immemor,
1575 4254 1951 4318 liberaliter
1976 4254 2171 4335 patri
2207 4291 2267 4297 —
2303 4270 2437 4317 non
2472 4254 2609 4317 filio
2650 4292 2705 4298 —

375 4379 496 4441 dat
563 4378 933 4459 optionem.
1027 4378 1140 4443 Sic
1202 4378 1283 4441 de
1351 4378 1694 4441 industria
1756 4396 1796 4441 a
1858 4380 2060 4459 poeta
2116 4394 2265 4441 csso
2309 4376 2719 4440 institutum

373 4506 564 4584 put0,
613 4506 693 4565 ut
739 4502 810 4565 et
857 4500 1121 4567 Socrati
1173 4506 1565 4583 parceretur
1611 4502 1682 4565 et
1716 4505 1907 4582 pater
1937 4502 2002 4565 in
2036 4520 2102 4565 se
2130 4501 2439 4581 reciperet
2470 4518 2718 4566 omnem

455 4756 504 4834 1)
551 4756 753 4815 Praef.
799 4757 876 4815 ad
917 4756 1128 4815 Nubes
1176 4760 1327 4815 1856
1371 4778 1428 4833 p.
1475 4760 1528 4813 7.
1574 4756 1649 4814 cf.
1694 4756 1992 4832 Philolog.
2038 4756 2181 4815 VH.
2226 4758 2281 4814 2.
2324 4776 2364 4832 p
2427 4757 2560 4814 345.

2618 4873 2653 4925 5
