3478 5737
1560 578 1683 642 195

454 793 618 841 cans
691 776 921 855 ipsum
988 790 1137 839 sese
1204 774 1285 839 ad
1355 774 1707 839 meliorem
1777 774 2110 854 recepisse
2177 773 2468 854 frugem.
2559 772 2786 855 Pergit

457 902 641 967 filius
687 898 1093 965 ludificando
1138 916 1297 965 eum
1346 916 1599 965 vexare
1644 902 1769 981 (vs.
1823 898 2053 975 1471):

1570 1026 1771 1088 οὐκέτ’
1818 1023 1940 1087 ἔστ’
1965 1022 2015 1103 1)
2057 1025 2186 1085 ἐπεὶ

883 1153 1069 1220 Δῖνος
1114 1146 1419 1233 βασιλεύει
1468 1152 1575 1211 τὸν
1628 1150 1726 1211 Δί’
1774 1140 2189 1230 ἐξεληλακώς]

460 1273 650 1358 „Non
742 1272 1075 1353 expulit,”
1165 1273 1529 1353 respondet
1616 1276 1834 1355 pater,
1929 1274 2177 1339 misere
2267 1271 2627 1353 deceptum
2713 1288 2786 1335 se

454 1396 779 1479 sentiens,
851 1397 1005 1481 „sed
1054 1412 1177 1477 ego
1224 1397 1291 1461 id
1338 1397 1503 1461 olim
1549 1398 1906 1461 credebam
1953 1398 2039 1461 ob
2086 1396 2281 1461 illum
2329 1395 2550 1459 δῖνον”
2597 1394 2784 1475 (quid

455 1522 567 1603 sit,
613 1524 849 1585 utrum
901 1522 1087 1585 turbo
1132 1538 1221 1585 an
1267 1540 1401 1603 υαε,
1450 1520 1753 1586 nondum
1801 1521 1972 1587 satis
2014 1520 2440 1587 intellexisse
2487 1520 2785 1595 videtur)

460 1664 701 1731 „quem
785 1646 1114 1710 nimirum
1196 1662 1233 1709 e
1300 1649 1488 1711 terra
1554 1645 1746 1711 fictili
1815 1646 2119 1711 factum”
2187 1645 2783 1727 (quemadmodum

457 1774 675 1854 ipsius
720 1771 891 1845 ὃτνος
938 1774 1251 1853 κεράμειος
1295 1772 1401 1849 (cf.
1450 1770 1673 1835 Schol.
1720 1770 1804 1835 ad
1853 1770 2058 1852 Vesp.
2103 1770 2258 1845 618)
2305 1770 2416 1835 vel
2447 1771 2782 1855 χυτρεοῦς),

462 1914 621 1983 „pro
669 1913 832 1962 vero
876 1896 1087 1961 habui
1132 1896 1319 1961 deo.''

545 2022 729 2087 Satis
788 2022 995 2085 habet
1052 2020 1235 2085 filius
1294 2019 1512 2101 patris
1555 2019 2034 2100 desipientiam
2083 2036 2324 2099 resque
2369 2022 2783 2103 nugatoriaS,

456 2162 589 2227 qua
634 2164 707 2211 re
752 2144 1064 2226 discedit,
1110 2148 1378 2225 patrem
1426 2144 1593 2208 sorti
1638 2143 2081 2207 committens
2125 2148 2252 2219 (VS.
2305 2144 2534 2221 1475):

816 2272 1093 2334 ἐνταῦθα
1140 2264 1410 2355 σαυτῷ
1458 2272 1840 2351 παραφρόνει
1889 2274 1992 2331 καὶ
2039 2268 2360 2353 φληνάφα.

544 2394 893 2476 Quaenam
976 2395 1119 2459 sint
1200 2394 1629 2476 StrepsiadiS,
1714 2394 2246 2475 cogitationibus
2327 2397 2475 2461 suis
2541 2394 2782 2478 relicti,

456 2521 669 2585 animi
730 2521 1124 2585 affectiones
1170 2519 1808 2600 meditationesque,
1855 2519 1996 2583 iam
2041 2520 2542 2601 spectatoribus
2585 2520 2784 2600 signi-

456 2644 716 2708 ficatur.
808 2642 997 2724 Quod
1066 2659 1140 2707 se
1210 2642 1532 2707 insanum
1598 2642 2124 2722 dementemque
2183 2644 2516 2726 praebuit,
2577 2659 2786 2723 quam

458 2766 759 2831 maxime
805 2765 1229 2831 rusticellum
1276 2766 1606 2846 paenitet.
1674 2766 1936 2831 Socrati
1983 2769 2219 2833 autem
2266 2768 2610 2848 ignoscere
2647 2786 2782 2833 non

456 2895 703 2974 potest,
766 2893 1091 2972 quoniam
1152 2907 1555 2972 persuasum
1618 2893 1828 2957 habet
1885 2909 2042 2957 eum
2107 2892 2268 2958 deos
2327 2897 2782 2976 contemnere,

456 3017 809 3096 filiumque
856 3033 1059 3080 suum
1105 3016 1385 3080 omnino
1432 3016 1876 3098 depravasse!

545 3140 717 3222 Quid
779 3141 1033 3205 mirum
1088 3141 1427 3204 rusticum
1490 3139 1900 3205 Mercurium
1947 3142 2208 3222 precari
2254 3157 2389 3206 non
2435 3142 2654 3206 solum
2703 3145 2784 3206 ut

454 3266 583 3331 sibi
648 3266 958 3346 ignoscat
1004 3282 1077 3330 se
1125 3264 1454 3349 ἀδολεσχίᾳ
1501 3264 1970 3344 indulgentem
2019 3264 2362 3348 delirasse,
2408 3267 2522 3330 sed
2570 3267 2780 3332 etiam

452 3394 534 3456 ut
578 3407 651 3455 se
696 3391 979 3455 consilio
1024 3390 1308 3454 adiuvet
1350 3392 1465 3468 atq
1476 3406 1559 3453 ue
1604 3405 1737 3468 quo
1787 3389 1983 3453 modo
2030 3388 2356 3454 Socratici
2401 3391 2542 3456 sint
2585 3391 2782 3456 ulcis·

454 3514 647 3579 cendi
678 3515 1034 3596 significet.
1068 3513 1365 3579 Hermae
1396 3513 1764 3578 simulacro
1795 3530 2162 3595 parumper
2191 3515 2524 3594 praebens
2545 3532 2780 3580 aurem
2863 3559 2866 3562 -

452 3639 787 3704 instinctu
856 3639 1231 3719 afflatuque
1296 3639 1530 3703 divino
1589 3637 1905 3718 instigari
1967 3638 2099 3703 sibi
2162 3638 2452 3722 videtur,
2515 3643 2596 3705 ut
2655 3655 2781 3705 τῶν

448 3763 798 3849 ἀδολεσχῶν
856 3764 1133 3828 domum
1180 3763 1493 3828 incendio
1540 3762 1784 3826 deleat.
1855 3745 2158 3827 Ultionis
2201 3762 2560 3844 indulgens
2603 3767 2782 3848 cupi·

451 3889 656 3955 ditati
703 3890 771 3953 in
820 3892 1087 3954 tectum
1132 3888 1458 3970 ascendit,
1507 3890 1739 3972 σμινύῃ
1785 3887 2058 3970 (ligone)
2103 3891 2432 3953 armatus.
2475 3889 2783 3970 Rogatus

450 4031 492 4079 a
536 4013 867 4096 discipulo
911 4012 1140 4092 aliquo
1189 4013 1349 4092 quid
1398 4013 1606 4078 faciat
1648 4017 1772 4096 (vs.
1823 4013 2036 4094 1495),
2083 4013 2374 4093 gloriose
2397 4015 2774 4080 exclamat:

1249 4135 1279 4199 ὃ
1328 4165 1385 4201 τι
1432 4151 1638 4218 ποιῶ;
1684 4141 1744 4202 τί
1791 4137 1848 4200 δ’
1895 4136 2052 4202 ἄλλο
2095 4137 2156 4216 γ’
2203 4139 2238 4220 ἢ

717 4261 1549 4344 διαλεπτολογοῦμαι
1596 4278 1731 4338 ταῖς
1778 4264 1984 4336 δοκοῖς
2028 4277 2136 4346 τῆς
2182 4266 2420 4340 οἶκίαςς

452 4386 714 4453 Socrati
780 4405 941 4453 mox
988 4389 1169 4453 idem
1215 4391 1503 4470 roganti,
1553 4391 1793 4454 acerbe
1840 4406 1918 4452 ac
1969 4389 2375 4453 mordaciter
2419 4389 2782 4470 respondet

447 4513 590 4577 irae
636 4512 914 4593 plenus:

528 4761 579 4834 1)
619 4759 719 4817 Ita
760 4759 1007 4818 Porson.
1054 4758 1239 4818 VR:
1284 4758 1385 4814 οὐκ
1428 4756 1579 4824 ἔστ’,
1621 4758 1744 4814 οὐκ.
