3478 5737
1785 584 1911 648 116

671 780 848 861 tes,”
896 779 962 843 id
1010 779 1514 861 spectatoribus
1563 796 1649 843 ne
1688 780 1759 842 in
1798 786 2103 843 mentem
2140 779 2416 859 quidem
2450 779 2685 843 venire
2716 776 3023 858 potuisse

674 902 968 981 dixeris3
1030 904 1272 968 rustici
1337 906 1523 969 enim
1582 904 1905 969 anxietas
1967 920 2243 969 omnem
2304 904 2487 986 capit
2542 901 3028 967 attentionem.

765 1028 868 1091 Ex
915 1044 1014 1110 e0,
1065 1030 1240 1108 quod
1291 1029 1608 1095 Socrates
1655 1046 1753 1093 vs.
1804 1029 1935 1092 260
1972 1045 2110 1094 non
2149 1028 2555 1109 simpliciter
2592 1027 2797 1092 dicit:
2832 1025 3025 1105 λέγειν

675 1157 911 1232 γενήσει
977 1153 1195 1232 δεινός,
1261 1154 1376 1217 sed
1448 1153 1500 1217 λ.
1548 1180 1606 1233 7·
1659 1168 1895 1234 τρῖμμα
1942 1157 2088 1233 cet,
2138 1153 2358 1217 denuo
2403 1155 2694 1234 apparet
2740 1152 3029 1234 philoso-

677 1279 888 1357 phum
951 1278 1016 1341 id
1083 1296 1341 1359 curare,
1400 1286 1479 1343 ut
1525 1279 1839 1343 novicius
1888 1295 2093 1357 quam
2142 1278 2448 1341 maxime
2494 1276 2841 1341 erroribus
2887 1275 3027 1339 illa·

684 1404 991 1479 queetur.

771 1626 806 1698 5
883 1623 984 1685 10.
1081 1623 1338 1687 Statim
1413 1624 1569 1703 post
1639 1620 2057 1701 Strepsiadis
2123 1619 2684 1701 admonitionem,
2758 1638 2833 1684 se
2894 1637 3031 1685 non

680 1747 973 1831 παιπάλη
1036 1748 1411 1829 conspergi,
1461 1746 1578 1811 sed
1626 1763 1868 1812 revera
1914 1744 2301 1830 παιπάλημα
2348 1745 2494 1809 fieri
2545 1745 2742 1827 velle,
2791 1746 3035 1825 incipit

681 1873 984 1937 Socratis
1043 1872 1126 1937 ad
1191 1872 1424 1936 Nubes
1485 1871 1646 1935 deas
1707 1872 2006 1952 precatio
2070 1870 2418 1951 solemniS,
2483 1876 2607 1946 (vs.
2656 1870 3030 1950 263—266,

574 2089 581 2098 ι
682 1998 1080 2078 269—274),
1114 1998 1508 2077 interrupta
1553 1996 1795 2060 rustici
1844 1996 2346 2061 exclamatione
2391 2001 2518 2071 (VS.
2569 1996 2696 2058 267
2738 1998 2890 2074 sq.).
2942 1994 3030 2059 Et

684 2122 989 2187 Socratis
1051 2122 1121 2186 et
1183 2121 1416 2187 rustici
1470 2121 1682 2184 verba
1727 2120 1885 2185 inde
1931 2138 1973 2185 a
2020 2138 2119 2184 VS.
2171 2120 2300 2183 263
2349 2136 2565 2198 usque
2612 2119 2697 2183 ad
2750 2136 2851 2183 ve.
2900 2120 3027 2181 477

685 2250 904 2311 metro
975 2246 1166 2326 gravi
1229 2245 1661 2327 anapaestico
1726 2246 1893 2307 sunt
1954 2245 2334 2326 composita
2394 2242 2809 2323 (excipiendi
2872 2246 3037 2307 sunt

688 2370 888 2435 Chori
940 2371 1255 2452 Parodos,
1292 2370 1643 2434 275—290
1674 2372 1746 2433 et
1778 2370 2151 2452 298-313,
2184 2372 2256 2433 et
2287 2368 2605 2433 Commos
2637 2368 2764 2431 457
2786 2368 3033 2445 —475).

690 2494 853 2559 Sive
937 2498 1217 2559 cantata
1301 2499 1487 2575 sunt,
1557 2494 1707 2558 sive
1775 2494 1845 2557 in
1917 2494 2198 2558 modum
2269 2492 2800 2577 παρακαταλογῆς
2868 2496 3036 2557 sunt

691 2619 1001 2699 recitata,
1067 2618 1305 2697 utique
1363 2617 1570 2681 metri
1626 2618 1950 2696 vocisque
1996 2618 2304 2698 gravitas
2350 2636 2487 2683 non
2537 2618 2759 2683 solum
2806 2619 3037 2682 iucun-

688 2744 845 2807 dam
916 2743 1198 2824 praebet
1269 2742 1682 2805 varietatem
1756 2745 1909 2823 post
1978 2742 2504 2806 altercationum
2574 2743 2840 2807 iambos
2907 2747 3037 2819 (VS.

693 2868 997 2949 1--262),
1081 2865 1198 2930 sed
1269 2868 1478 2930 etiam
1549 2865 1806 2930 comice
1875 2866 2261 2946 argumenti
2336 2868 2677 2948 repugnat
2744 2864 3038 2930 levitati.

689 2993 769 3056 In
858 3008 956 3073 eo,
1035 2990 1211 3070 quod
1289 2989 1603 3055 Socrates
1679 2990 1824 3070 ipse
1888 2992 2090 3073 Aera,
2158 2992 2482 3062 Aethera,
2547 2991 2781 3056 Nubes
2843 2989 3041 3068 quasi

691 3115 1253 3198 philosophorum
1313 3113 1689 3192 alloquitur
1752 3114 1933 3194 deaS,
1997 3114 2297 3179 multum
2360 3114 2587 3179 inesse
2648 3113 3046 3179 offensionis

693 3240 912 3304 videri
983 3242 1228 3319 potest.
1321 3239 1652 3302 Attamen
1718 3238 1776 3302 si
1836 3239 1908 3302 in
1975 3239 2245 3303 theatro
2305 3239 2475 3303 talia
2537 3238 2755 3320 audiS,
2818 3237 3047 3302 omnis

693 3365 835 3428 fere
903 3363 1185 3427 offensio
1248 3362 1620 3442 evanescit,
1671 3363 1833 3441 quia
1880 3363 2099 3426 sentis
2146 3363 2377 3426 omnia
2422 3363 2642 3427 iocose
2689 3379 2838 3426 esse
2882 3361 3047 3426 ficta

694 3487 1068 3567 decipiendi
1155 3486 1394 3550 rustici
1484 3503 1662 3569 erg0,
1733 3491 1806 3551 et
1884 3524 1955 3532 --
2028 3487 2205 3566 quod
2276 3487 2568 3552 fortasse
2636 3503 2867 3551 rerum
2936 3489 3049 3549 est

695 3613 897 3676 cardo
959 3649 1020 3655 —
1079 3612 1240 3690 quia
1303 3611 1428 3675 tibi
1495 3612 1766 3676 videtur
1827 3612 2293 3693 philosophus,
2362 3612 2475 3691 qui
2540 3611 2709 3675 talia
2768 3610 3047 3692 promit,

700 3737 895 3816 quasi
943 3736 1210 3816 proprio
1251 3735 1470 3800 Marte
1503 3754 1628 3800 sua
1659 3736 1878 3818 ipsius
1916 3736 2146 3801 studia
2178 3737 2431 3801 ironice
2462 3735 2757 3816 agitare:
2777 3739 3047 3818 poetam

697 3859 882 3923 enim
951 3859 1173 3940 ipsum
1235 3859 1674 3941 philosophos
1735 3861 1989 3925 habere
2053 3861 2346 3926 ludibrio
2406 3861 2657 3926 idcirco
2718 3861 2914 3926 nobis
2972 3861 3049 3925 in

699 3982 970 4046 theatro
1020 3998 1154 4045 non
1203 3981 1543 4063 fingimuS,
1594 3983 1754 4061 quia
1800 3984 1873 4047 in
1923 4001 2243 4048 scaenam
2294 4000 2428 4048 non
2464 3983 2713 4066 prodit,
2748 3985 2865 4049 sed
2899 4001 3053 4066 per-

701 4106 979 4167 sonatos
1066 4121 1226 4168 suos
1274 4107 1466 4183 quasi
1516 4123 1640 4169 sua
1688 4111 1931 4185 sponte
1981 4107 2149 4170 facit
2199 4107 2563 4186 loquentes
2608 4111 3049 4190 agentesque,

705 4228 883 4308 quia,
935 4232 1012 4292 ut
1059 4229 1194 4291 iam
1243 4228 1352 4291 hic
1391 4228 1529 4292 illic
1568 4231 2115 4313 observavimuS,
2159 4235 2359 4313 poeta
2397 4249 2545 4296 sese
2581 4251 2745 4313 pone
2774 4234 3057 4297 canticas

704 4353 1132 4432 oppositiones
1185 4371 1474 4433 prorsus
1542 4355 1897 4419 abscondit.
1952 4355 1999 4433 1)
2093 4355 2298 4420 Porro
2359 4355 3051 4448 animadvertendum

787 4543 834 4622 1)
877 4544 1122 4603 Hancce
1179 4551 1446 4603 nostram
1501 4549 1969 4625 persuasionem,
2014 4548 2091 4606 ad
2134 4568 2313 4623 quam
2352 4569 2471 4606 non
2514 4548 2773 4626 legendo
2814 4547 3058 4608 fabula-s

709 4642 820 4699 sed.
861 4643 1162 4716 spectando
1205 4645 1401 4718 possis
1445 4643 1680 4722 adduci,
1726 4666 1843 4721 quo
1885 4644 2195 4704 difficilius
2238 4651 2333 4704 est
2377 4647 2751 4724 argumentis
2779 4646 3057 4724 probare,

711 4757 781 4796 eo
824 4745 918 4796 est
957 4740 1278 4798 iucundius
1319 4740 1398 4798 ad
1439 4743 1987 4819 ingeniosissimum
2029 4749 2331 4802 auctorem
2366 4745 2639 4821 relegare
2668 4744 3056 4822 Germanum,
