3478 5737
1849 605 1935 668 20

808 812 844 885 g
888 808 949 871 6.
1044 800 1491 883 Aristophani
1561 817 1633 864 re
1701 816 1866 864 vera
1931 800 2287 865 commoda
2357 801 2776 883 reipublicae
2846 804 3061 869 fuisse

720 948 939 1011 curae,
1008 930 1291 1009 apparet
1350 942 1438 990 ex
1500 924 1631 989 fine
1693 923 2043 989 Ranarum
2104 924 2395 989 fabulae.
2467 925 2648 992 Dicit
2718 945 2820 992 VS.
2896 930 3067 994 1418

720 1074 866 1136 sqq.
915 1054 1026 1131 (cf.
1078 1052 1273 1126 1436)
1321 1049 1664 1114 Bacchus:
2117 1046 2124 1051 '

1119 1179 1237 1255 ἐγὼ
1288 1172 1607 1257 κατῆλθον
1656 1174 1759 1235 ἰπὶ
1808 1176 2099 1256 ποιητήν.
2153 1222 2167 1237 .
2220 1220 2235 1234 .

1116 1284 1202 1349 ἵν’
1251 1288 1287 1366 ἡ
1337 1282 1517 1355 πόλις
1564 1288 1927 1344 σωθεῖσα
1975 1285 2117 1354 τοὺς
2165 1285 2385 1367 χοροὺς
2431 1281 2573 1367 ἄγῃ.

1122 1391 1413 1474 ὁπότερος
1459 1386 1569 1455 οὖν
1618 1391 1697 1455 ἂν
1748 1404 1822 1473 τῇ
1873 1388 2044 1453 πόλει
2095 1392 2488 1472 παραινέσειν

1119 1501 1313 1588 μέλλῃ
1363 1527 1417 1564 τι
1467 1500 1753 1585 χρηστόν,
1803 1512 2026 1563 τοῦτον
2074 1499 2242 1573 ἄξειν
2291 1525 2396 1580 μοι
2446 1498 2631 1562 δοκῶ.

1122 1624 1372 1692 πρῶτον
1437 1610 1549 1688 μὲν
1607 1604 1717 1671 οὖν
1767 1612 1903 1688 περὶ
1957 1606 2382 1693 Ἀλκιβιάδου
2432 1607 2551 1671 τίν’
2599 1606 2800 1692 ἔχετον

1123 1722 1382 1801 γνώμην
1430 1718 1711 1797 ἑκάτερος
1728 1737 1756 1795 ;
1803 1719 1838 1797 ἡ
1890 1714 2069 1789 πόλις
2115 1720 2234 1797 γὰρ
2283 1716 2587 1780 δυστοκεῖ.

814 1826 933 1891 VS.
988 1828 1153 1891 14:27
1190 1828 1385 1892 Eun:
1426 1837 1585 1905 μισῶ
1634 1823 1925 1907 πολίτην,
1972 1822 2137 1899 ὅστις
2184 1823 2441 1908 ὠφελεῖν
2490 1826 2736 1907 πάτραν

1365 1933 1601 2020 βραδὺς
1650 1934 1886 2013 πέφυκε
1933 1936 2063 1997 etc.

816 2040 935 2105 VS.
979 2042 1140 2105 1431
1190 2042 1475 2107 Aesch.:
1527 2046 1600 2105 οὐ
1650 2046 1762 2127 χρὴ
1812 2040 2058 2114 λέοντος
2105 2044 2380 2120 σκύμνον
2429 2042 2492 2103 ἓν
2543 2038 2716 2101 πόλει
2765 2038 3023 2119 τρέφειν.

1492 2150 1565 2231 ἢν
1616 2148 1673 2212 δ’
1721 2145 1996 2233 ἐκτραφῇ
2047 2174 2161 2226 τις,
2211 2162 2341 2221 τοῖς
2387 2148 2638 2230 τρόποις
2683 2152 3026 2229 ὑπηρετεῖν.

818 2272 1069 2336 Poetae
1157 2273 1687 2337 Atheniensium
1773 2292 2004 2339 rerum
2091 2276 2356 2338 statum
2429 2271 2714 2336 minime
2783 2270 3069 2351 placere,

728 2396 971 2460 docent
1018 2413 1161 2479 nos,
1212 2414 1385 2477 quae
1426 2398 1498 2462 et
1538 2398 1934 2479 Euripidem
1970 2405 2096 2476 (vs,
2138 2398 2308 2462 1443
2342 2401 2515 2477 sqq.)
2546 2396 2616 2461 et
2648 2393 3067 2476 Aeschylum

728 2524 853 2600 (vs.
930 2521 1097 2583 1463
1174 2522 1344 2601 sqq.)
1418 2522 1585 2588 facit
1644 2522 2032 2588 suadentes,
2125 2522 2490 2587 Praeterea
2551 2520 2838 2586 maximi
2909 2521 3074 2584 sunt

730 2645 929 2726 pretii
990 2645 1190 2710 Chori
1237 2648 1447 2711 verba
1492 2653 1619 2724 (vs,
1671 2648 2065 2727 717—737)‚
2118 2664 2156 2711 e
2202 2647 2452 2728 quibus
2497 2662 2864 2725 cognoscas
2908 2642 3068 2723 quid

730 2768 813 2833 de
861 2770 1129 2834 civibus
1176 2769 1320 2834 suis
1366 2771 1710 2836 censuerit
1757 2774 1985 2853 poeta:

1032 2894 1337 2968 πολλάκις
1383 2897 1594 2979 γ’ἡμῒν
1644 2895 1848 2970 ἔδοξεν
1895 2901 1930 2977 ἡ
1983 2895 2162 2970 πόλις
2211 2897 2618 2961 πεπονθέναι.
2670 2945 2683 2960 .
2737 2945 2750 2960 .

820 3018 988 3084 Cum
1055 3021 1238 3085 hisce
1286 3022 1516 3086 verbis
1561 3022 1939 3103 comparari
1989 3023 2282 3104 possunt
2331 3037 2504 3101 quae
2551 3021 2794 3085 dicunt
2841 3019 3066 3083 Xeno·

733 3144 913 3223 phou
982 3145 1089 3224 (de
1156 3145 1412 3209 Athen.
1483 3145 1856 3226 Republica
1917 3147 1966 3211 Ι.
2034 3147 2114 3210 13
2177 3149 2250 3210 et
2317 3146 2424 3222 14)
2469 3149 2538 3210 et
2587 3145 2924 3209 Isocrates
2968 3141 3070 3225 (de

734 3267 905 3332 Pace
964 3273 1001 3344 ἓ
1064 3271 1182 3333 52:
1245 3273 1766 3350 προσποιούμενοι
1829 3271 1892 3334 δὲ
1951 3274 2302 3353 σοφώτατοι
2354 3284 2478 3334 τῶν
2540 3269 2862 3352 Ἑλλήνων
2912 3265 3068 3332 εἶναι

733 3396 1033 3467 τοιούτοις
1080 3397 1371 3479 χρώμεθα
1418 3395 1796 3482 συμβούλοις
1839 3398 1994 3477 ebo.)

829 3659 1055 3724 Unum
1103 3671 1336 3726 autem
1384 3666 1491 3726 est
1536 3662 1713 3742 quod
1761 3663 1832 3726 in
1883 3661 2347 3743 Aristophane
2393 3661 2754 3726 iudicando
2807 3676 3074 3740 semper

735 3784 1075 3849 recordari
1135 3789 1423 3868 oportet,
1486 3803 1707 3866 neque
1753 3804 1914 3852 vero
1963 3787 2113 3852 eius
2158 3786 2252 3850 rei
2303 3785 2562 3851 oblitus
2608 3802 2757 3850 esse
2803 3785 3075 3849 videtur

738 3909 1127 3992 Piersonus‚
1196 3910 1391 3974 cuius
1459 3912 1671 3975 verba
1741 3927 1947 3991 supra
2015 3911 2582 3976 commemoravi:
2653 3927 2788 3976 non
2860 3909 3076 3992 ipsius

738 4037 979 4115 poetae
1060 4033 1379 4098 audimus
1460 4033 1717 4100 iudicia
1798 4073 1860 4080 -
1941 4035 2332 4119 optimates,
2405 4053 2692 4116 quorum
2765 4033 3076 4115 partibus

736 4157 1033 4240 favebat,
1080 4158 1230 4222 eius
1276 4175 1391 4222 ore
1438 4158 1832 4238 loquuntur.

828 4282 998 4362 Quia
1057 4282 1502 4364 adulescenti,
1567 4300 1699 4348 non
1765 4284 1985 4348 multo
2049 4285 2310 4354 maiori,
2361 4288 2439 4349 ut
2487 4283 2780 4364 videtur,
2832 4282 3079 4362 viginti

736 4406 939 4470 annis
1005 4408 1198 4486 natu,
1269 4406 1390 4470 vix
1458 4423 1824 4488 possumus
1891 4407 2198 4490 proprias
2257 4407 2644 4472 adiudicare
2704 4407 3079 4489 opinioneS‚

742 4547 861 4610 per
922 4547 994 4594 se
1056 4530 1487 4610 intellegitur
1550 4531 1731 4612 apud
1797 4536 2112 4596 nostrum
2179 4531 2477 4596 multum
2545 4531 2848 4596 valuisse
2913 4531 3080 4595 iudi-

742 4652 922 4718 cium
962 4653 1323 4752 ‘opiniones
1366 4656 1850 4720 auctoritatem
1898 4673 2155 4736 eorum,
2205 4671 2375 4734 quos
2419 4656 2664 4720 habuit
2710 4655 3081 4737 proximOS‚

744 4777 891 4841 sive
946 4781 1270 4858 cognatos
1315 4778 1462 4842 sive
1508 4778 1905 4860 falniliareS‚
1954 4797 2078 4843 nec
2125 4796 2259 4843 non
2307 4779 2523 4860 ipsius
2568 4779 2828 4844 ordinis
2872 4783 3084 4858 atque
