3478 5737
1759 585 1886 649 100

640 784 765 858 (VS.
823 781 1005 855 184):
1054 776 1104 842 ὦ
1158 778 1507 863 “Ηράκλιις,
1555 784 1734 843 ταυτὶ
1784 780 2046 843 ποδαπὰ
2094 785 2171 843 τὰ
2217 784 2452 865 θηρίοις
2515 799 2766 860 eosque
2813 799 2990 847 com-

643 907 846 985 paras»
904 921 1057 969 cum
1123 919 1250 979 τοῖς
1310 908 1373 968 ἐκ
1436 905 1661 968 Πύλου
1728 904 2039 989 ληφθεῖσι,
2099 920 2228 979 τοῖς
2275 914 2698 980 Λακωνικοῖς.
2771 906 2992 989 Quam

645 1029 886 1093 rustici
946 1030 1336 1111 opinionem
1387 1048 1631 1112 parum
1690 1030 1924 1096 favere
1971 1031 2396 1113 philosophis
2442 1032 2512 1095 in
2563 1032 2990 1113 universum,

647 1154 959 1217 concede.
1052 1155 1193 1219 Nec
1264 1155 1481 1235 magis
1543 1155 1951 1219 umbraticis
2013 1156 2386 1221 honorifica
2449 1158 2616 1219 sunt
2677 1156 2988 1237 discipuli

648 1280 863 1357 ipsius
911 1281 1119 1344 verba
1164 1284 1291 1356 (vs,
1345 1280 1531 1355 198):

1001 1403 1143 1466 ἀλλ’
1192 1409 1305 1489 οὐχ
1354 1401 1485 1468 οἷόν
1537 1406 1590 1467 τ’
1639 1409 1882 1468 αὐτοῖσι
1931 1408 2085 1487 πρὸς
2134 1407 2240 1468 τὸν
2289 1406 2439 1487 ἀέρα

1000 1529 1116 1603 ἔξω
1162 1528 1502 1615 διατρίβειν
1552 1529 1755 1593 πολὺν
1804 1532 1968 1609 ἄγαν
2018 1533 2182 1594 ἐστὶν
2233 1534 2478 1615 χρόνον.

739 1652 867 1717 Sed
895 1654 1054 1733 quid
1081 1672 1322 1719 nocere
1348 1658 1579 1737 potest
1602 1656 2032 1736 sapientibus
2053 1655 2132 1719 ad
2143 1656 2464 1739 hortatiO,
2491 1670 2698 1733 quam
2715 1654 2786 1717 in
2805 1652 2996 1718 hisce

650 1776 855 1841 dictis
914 1778 1139 1842 inesse
1201 1783 1412 1859 patet.
1508 1778 1783 1842 Dixeris
1844 1779 1970 1843 hac
2034 1780 2104 1842 in
2169 1796 2240 1843 re
2301 1780 2629 1843 audacem
2678 1780 2994 1841 nostrum

650 1904 923 1980 poetam
962 1902 1253 1966 fortasse
1292 1904 1463 1967 bene
1503 1904 1832 1967 meritum
1873 1920 2023 1967 esse
2061 1903 2144 1967 de
2183 1903 2614 1983 umbraticiS,
2641 1902 2758 1982 qui
2784 1900 3000 1966 studii

649 2025 866 2090 amori
911 2028 1057 2090 tam
1106 2026 1303 2091 facile
1352 2027 1774 2092 valetudinis
1821 2044 2054 2091 curam
2104 2032 2510 2109 postponere
2558 2027 2848 2091 soleant.

652 2228 762 2304 (vs.
820 2227 971 2303 191).
1040 2227 1132 2285 Ea
1187 2248 1295 2285 nos
1352 2229 1467 2287 nisi
1532 2227 1703 2287 ‘'illor
1759 2230 1925 2305 cogit
1979 2230 2042 2286 in
2095 2228 2256 2287 hunc
2297 2227 2543 2286 modum
2584 2246 2836 2287 scaenae
2879 2226 3002 2285 dis-

653 2326 1011 2403 positionem
1082 2326 1366 2401 cogitare.
1442 2327 1691 2400 Aulaeo,
1757 2325 1920 2401 quod
1973 2325 2322 2384 meditaculi
2378 2325 2618 2384 hortum
2675 2344 2862 2399 usque
2922 2323 3002 2381 ad

654 2443 741 2482 vs.
810 2424 925 2481 184
968 2444 1003 2481 a
1044 2428 1449 2500 spectatorum
1492 2428 1816 2500 conspectu
1862 2422 2129 2499 tegebat,
2175 2422 2454 2500 demisso,
2500 2423 2807 2499 conspicui
2847 2420 3002 2479 fiunt

582 2588 589 2595 ,
656 2521 959 2598 discipuli,
1018 2522 1241 2597 partim
1294 2522 1501 2595 (οὑτοιΐ
1550 2541 1639 2579 νε.
1701 2520 1838 2599 187)
1890 2521 2146 2578 sedente-s·
2187 2525 2251 2579 et
2293 2521 2490 2597 capite
2531 2540 2736 2597 prono,
2779 2518 3004 2577 cubitis

658 2620 884 2695 innixo,
930 2618 1325 2695 cogitabundi
1366 2621 1695 2685 βλέποντες
1738 2624 1816 2683 εἰς
1861 2619 1971 2693 τὴν
2015 2624 2135 2693 γῆν
2179 2619 2362 2695 (187),
2405 2618 2627 2695 partim
2669 2616 2815 2695 (οἲδε
2861 2615 3000 2693 191)

656 2722 874 2775 stantes
916 2722 977 2774 et
1021 2714 1239 2793 σφόδρ’
1279 2715 1691 2793 ἐγκεκυφότες
1732 2716 2101 2791 geometrica
2142 2716 2533 2793 inspicientes
2573 2714 2892 2790 schemata,
2939 2714 3002 2770 in

656 2818 819 2872 terra
871 2812 1176 2890 descripta
1230 2811 1329 2892 (cf.
1384 2812 1625 2873 Vitruv.
1668 2814 1705 2872 6
1748 2812 1978 2892 praefi).
2045 2812 2138 2874 Of.
2193 2812 2488 2873 Zielinski
2529 2816 2611 2892 (p.
2655 2812 2792 2892 36):
2841 2817 3006 2886 „eret

656 2911 757 2970 bei
816 2912 892 2972 V.
958 2912 1075 2970 184
1125 2911 1273 2987 geht
1328 2909 1429 2970 die
1484 2911 1610 2970 Tur
1662 2911 1785 2988 auf,
1843 2911 1968 2969 und
2009 2911 2287 2988 zugleich
2327 2912 2482 2970 wird
2523 2910 2624 2970 die
2667 2910 2878 2969 Mauer
2919 2912 3004 2967 im

656 3009 1132 3086 Vordergrunde
1195 3014 1626 3086 weggeraumt,
1671 3029 1737 3067 so
1781 3009 1923 3068 dass
1965 3009 2076 3067 der
2117 3009 2348 3068 Garten
2392 3007 2777 3086 Strepsiades
2818 3007 3004 3066 sowie

660 3107 781 3166 den
840 3105 1225 3164 Zuschauern
1287 3105 1557 3165 sichtbar
1608 3106 1766 3166 wird
1789 3105 1822 3134 ’'
1899 3105 1975 3164 In
2015 3105 2188 3164 horto
2232 3108 2319 3165 ita
2361 3105 2734 3182 aliquamdiu
2775 3105 3006 3164 versari

659 3204 987 3281 discipulos
1042 3203 1262 3263 docent
1312 3223 1402 3262 νε.
1464 3205 1576 3263 195
1634 3209 1696 3263 et
1743 3205 1872 3263 196.
1935 3204 2059 3262 Eos
2102 3203 2536 3281 discipulorum
2579 3201 2824 3262 habitus
2865 3221 3004 3260 cum

661 3303 855 3360 cernit
896 3300 1294 3378 Strepsiades⁷
1340 3301 1487 3376 quid
1524 3302 1739 3360 mirum
1763 3321 1900 3360 eum
1928 3303 2136 3360 statim
2167 3303 2530 3361 exclamare:
2565 3307 2738 3358 ταυτὶ
2769 3301 3005 3358 ποδαποὶ

664 3405 741 3456 ταὶ
786 3397 1003 3476 θηρίοις
1050 3397 1157 3476 (νε.
1208 3399 1364 3476 184).

744 3495 809 3554 Si
852 3494 1024 3553 nobis
1064 3493 1349 3574 fingimus
1391 3496 1489 3575 (cf.
1533 3496 1910 3572 Heidhuesii,
1945 3497 2414 3572 Leeuweniique
2456 3494 2790 3574 opiniones)
2825 3497 3008 3554 ianua

665 3599 874 3671 aperta
924 3594 1254 3670 discipulos
1308 3594 1466 3652 wire
1520 3594 1699 3671 forae,
1745 3612 1990 3654 necesse
2033 3614 2165 3653 esse
2207 3595 2435 3653 dixeris
2477 3614 2580 3652 eos
2620 3593 2828 3652 statim
2867 3598 3010 3670 post

666 3696 772 3751 aut
824 3691 1079 3750 sedente-s·
1120 3691 1560 3770 cogitabundos
1602 3699 1708 3751 aut
1748 3712 1967 3768 pronos
2009 3699 2228 3751 stantes
2269 3693 2456 3752 stulto
2499 3693 2604 3750 illo
2645 3691 2859 3750 habitu
2899 3689 3010 3749 fin-

666 3809 911 3868 gamus;
974 3789 1085 3849 sed
1146 3796 1276 3848 tum
1338 3811 1457 3848 non
1513 3795 1637 3849 tam
1692 3789 1889 3849 facete
1945 3791 2066 3850 dici
2123 3791 2332 3868 opinor
2388 3791 2492 3849 illa
2533 3791 2746 3849 rustici
2787 3788 3006 3848 verba:

670 3895 844 3946 ταυτὶ
900 3893 998 3947 cet
1052 3887 1157 3966 (vs.
1217 3889 1367 3965 184),
1412 3906 1563 3962 quae
1606 3887 1879 3947 indicant
1920 3888 2267 3966 discipuIOS‚
2311 3889 2521 3948 aulaeo
2564 3887 2842 3965 demisso,
2885 3888 3010 3946 iam

668 3985 835 4044 cerni
873 3983 1156 4044 sedentes
1196 4005 1533 4064 pronosque
1572 3991 1822 4044 stantes.
1868 3985 2126 4044 Accedit
2167 3985 2328 4062 quod
2369 4005 2526 4044 nova
2565 4005 2799 4060 scaena²
2829 3985 3008 4062 plene

668 4084 979 4160 instructa,
1044 4085 1251 4142 statim
1313 4087 1719 4160 spectatorum
1781 4087 1984 4141 movet
2039 4083 2434 4142 attentionem
2477 4081 3010 4158 Strepsiademque

669 4200 849 4256 quam
888 4181 1145 4239 maxime
1189 4181 1394 4240 reddit
1435 4180 1760 4238 attonitum
1803 4180 2238 4257 curiosumque,
2283 4180 2371 4238 sic
2405 4185 2475 4237 ut
2505 4179 2764 4237 continuo
2791 4179 3010 4236 seriem

668 4283 905 4356 promat
945 4279 1503 4356 interrogationum.

749 4373 850 4432 Ad
890 4373 1128 4436 tabulas
1169 4377 1303 4436 illas
1344 4374 1507 4452 quod
1546 4375 1832 4452 pertinet,
1875 4374 2026 4432 nihil
2067 4374 2270 4435 obstat
2310 4375 2623 4450 quoininas
2663 4393 2766 4433 eas
2805 4372 3012 4432 creda-

670 4491 803 4531 mus
864 4492 1184 4550 suspensas
1246 4475 1324 4534 ad
1386 4473 1735 4533 meditaculi
1791 4473 2100 4549 parietem,
2157 4493 2310 4548 quae
2365 4478 2458 4530 est
2514 4470 2592 4530 ad
2641 4476 3014 4548 spectatores

672 4589 959 4629 conversa
1028 4571 1192 4649 (Vid.
1249 4573 1560 4646 Βιττεῐωε,
1612 4569 1904 4628 Zeitschr.
1968 4568 2010 4625 f.
2057 4569 2113 4626 d.
2160 4570 2340 4628 klass
2385 4571 2608 4628 Altert.
2651 4568 2767 4627 Bd.
2811 4569 2905 4644 34,
2949 4588 3012 4644 p.

670 4668 806 4744 464,
850 4667 1246 4746 Bflcmnnunus,
1290 4671 1364 4729 N.
1408 4667 1551 4728 Jhb.
1596 4665 1636 4725 f.
1681 4665 1790 4724 Ph.
1837 4685 1890 4724 u,
1934 4661 2118 4724 Paed.
2169 4669 2312 4726 1861
2363 4688 2421 4744 p.
2453 4669 2587 4743 668,
2618 4665 3015 4724 Hmmrmesms

670 4786 729 4842 p.
773 4767 868 4842 35,
910 4767 1292 4826 Lunuwmnrus
1335 4767 1413 4826 ad
1456 4766 1585 4844 νε.).
