<?xml version="1.0" encoding="UTF-8"?>
<!DOCTYPE html PUBLIC "-//W3C//DTD XHTML 1.0 Transitional//EN"
    "http://www.w3.org/TR/xhtml1/DTD/xhtml1-transitional.dtd">
<html xmlns="http://www.w3.org/1999/xhtml" xml:lang="en" lang="en">
 <head>
  <title>
</title>
<meta http-equiv="Content-Type" content="text/html;charset=utf-8" />
  <meta name='ocr-system' content='tesseract 3.04.00' />
  <meta name='ocr-capabilities' content='ocr_page ocr_carea ocr_par ocr_line ocrx_word'/>
</head>
<body>
  <div class='ocr_page' id='page_1' title='image "./dearistophanisi00heldgoog_0063.png"; bbox 0 0 3478 5737; ppageno 0'>
   <div class='ocr_carea' id='block_1_1' title="bbox 1566 601 1649 664">
    <p class='ocr_par' dir='ltr' id='par_1_1' title="bbox 1566 601 1649 664">
     <span class='ocr_line' id='line_1_1' title="bbox 1566 601 1649 664; baseline -0.012 0"><span class='ocrx_word' id='word_1_1' title='bbox 1566 601 1649 664; x_wconf 89' lang='lat'>47</span> 
     </span>
    </p>
   </div>
   <div class='ocr_carea' id='block_1_2' title="bbox 402 795 2762 4850">
    <p class='ocr_par' dir='ltr' id='par_1_2' title="bbox 414 795 2762 2245">
     <span class='ocr_line' id='line_1_2' title="bbox 415 795 2760 879; baseline 0.001 -19"><span class='ocrx_word' id='word_1_2' title='bbox 415 797 665 862; x_wconf 89' lang='lat' dir='ltr'>credat.</span> <span class='ocrx_word' id='word_1_3' title='bbox 738 798 908 862; x_wconf 88' lang='lat' dir='ltr'>Eam</span> <span class='ocrx_word' id='word_1_4' title='bbox 968 796 1391 879; x_wconf 84' lang='lat' dir='ltr'>permultum</span> <span class='ocrx_word' id='word_1_5' title='bbox 1456 795 1683 859; x_wconf 83' lang='lat' dir='ltr'>valere</span> <span class='ocrx_word' id='word_1_6' title='bbox 1745 795 1818 859; x_wconf 79' lang='lat' dir='ltr'>et</span> <span class='ocrx_word' id='word_1_7' title='bbox 1863 796 1934 860; x_wconf 86' lang='lat' dir='ltr'>in</span> <span class='ocrx_word' id='word_1_8' title='bbox 1984 797 2134 860; x_wconf 88' lang='lat' dir='ltr'>vita</span> <span class='ocrx_word' id='word_1_9' title='bbox 2179 797 2526 863; x_wconf 89' lang='lat' dir='ltr'>cotidiana</span> <span class='ocrx_word' id='word_1_10' title='bbox 2571 798 2642 863; x_wconf 81' lang='lat' dir='ltr'>et</span> <span class='ocrx_word' id='word_1_11' title='bbox 2691 799 2760 863; x_wconf 90' lang='lat' dir='ltr'>in</span> 
     </span>
     <span class='ocr_line' id='line_1_3' title="bbox 418 919 2759 1002; baseline 0.001 -17"><span class='ocrx_word' id='word_1_12' title='bbox 418 920 563 985; x_wconf 84' lang='lat' dir='ltr'>foro</span> <span class='ocrx_word' id='word_1_13' title='bbox 624 924 833 1001; x_wconf 85' lang='lat' dir='ltr'>atque</span> <span class='ocrx_word' id='word_1_14' title='bbox 880 920 1169 1000; x_wconf 86' lang='lat' dir='ltr'>iudiciis,</span> <span class='ocrx_word' id='word_1_15' title='bbox 1218 936 1417 985; x_wconf 90' lang='lat' dir='ltr'>nemo</span> <span class='ocrx_word' id='word_1_16' title='bbox 1464 919 1907 984; x_wconf 77' lang='lat' dir='ltr'>contradicet.</span> <span class='ocrx_word' id='word_1_17' title='bbox 1979 919 2314 1002; x_wconf 91' lang='lat' dir='ltr'>Populum</span> <span class='ocrx_word' id='word_1_18' title='bbox 2361 922 2759 987; x_wconf 79' lang='lat' dir='ltr'>dialecticae</span> 
     </span>
     <span class='ocr_line' id='line_1_4' title="bbox 415 1042 2756 1125; baseline 0 -16"><span class='ocrx_word' id='word_1_19' title='bbox 415 1045 585 1110; x_wconf 88' lang='lat' dir='ltr'>artis</span> <span class='ocrx_word' id='word_1_20' title='bbox 630 1045 844 1111; x_wconf 89' lang='lat' dir='ltr'>nimia</span> <span class='ocrx_word' id='word_1_21' title='bbox 888 1048 1325 1125; x_wconf 81' lang='lat' dir='ltr'>exspectasse</span> <span class='ocrx_word' id='word_1_22' title='bbox 1374 1042 1747 1124; x_wconf 89' lang='lat' dir='ltr'>commoda,</span> <span class='ocrx_word' id='word_1_23' title='bbox 1797 1046 1876 1107; x_wconf 92' lang='lat' dir='ltr'>ut</span> <span class='ocrx_word' id='word_1_24' title='bbox 1921 1043 2278 1109; x_wconf 81' lang='lat' dir='ltr'>credamus</span> <span class='ocrx_word' id='word_1_25' title='bbox 2322 1044 2518 1111; x_wconf 86' lang='lat' dir='ltr'>facile</span> <span class='ocrx_word' id='word_1_26' title='bbox 2556 1046 2756 1111; x_wconf 87' lang='lat' dir='ltr'>addu-</span> 
     </span>
     <span class='ocr_line' id='line_1_5' title="bbox 416 1167 2762 1255; baseline 0.001 -23"><span class='ocrx_word' id='word_1_27' title='bbox 416 1169 636 1233; x_wconf 89' lang='lat' dir='ltr'>cimur</span> <span class='ocrx_word' id='word_1_28' title='bbox 654 1192 673 1247; x_wconf 83' lang='lat'><em>3</em></span> <span class='ocrx_word' id='word_1_29' title='bbox 728 1186 889 1234; x_wconf 90' lang='lat' dir='ltr'>eum</span> <span class='ocrx_word' id='word_1_30' title='bbox 957 1172 1195 1234; x_wconf 86' lang='lat' dir='ltr'>autem</span> <span class='ocrx_word' id='word_1_31' title='bbox 1254 1169 1421 1233; x_wconf 81' lang='lat' dir='ltr'>serio</span> <span class='ocrx_word' id='word_1_32' title='bbox 1483 1181 1571 1255; x_wconf 76' lang='grc' dir='ltr'>τῷ</span> <span class='ocrx_word' id='word_1_33' title='bbox 1631 1167 1846 1250; x_wconf 72' lang='grc' dir='ltr'><em>ἥττονι</em></span> <span class='ocrx_word' id='word_1_34' title='bbox 1907 1167 2075 1250; x_wconf 75' lang='grc' dir='ltr'>λόγῳ</span> <span class='ocrx_word' id='word_1_35' title='bbox 2123 1172 2392 1234; x_wconf 84' lang='lat' dir='ltr'>tantam</span> <span class='ocrx_word' id='word_1_36' title='bbox 2439 1170 2762 1235; x_wconf 85' lang='lat' dir='ltr'>habuisse</span> 
     </span>
     <span class='ocr_line' id='line_1_6' title="bbox 415 1292 2760 1376; baseline 0.001 -19"><span class='ocrx_word' id='word_1_37' title='bbox 415 1294 637 1375; x_wconf 87' lang='lat' dir='ltr'>fidem,</span> <span class='ocrx_word' id='word_1_38' title='bbox 700 1298 779 1359; x_wconf 90' lang='lat' dir='ltr'>ut</span> <span class='ocrx_word' id='word_1_39' title='bbox 837 1294 1211 1358; x_wconf 83' lang='lat' dir='ltr'>creditores</span> <span class='ocrx_word' id='word_1_40' title='bbox 1270 1292 1489 1375; x_wconf 90' lang='lat' dir='ltr'>decipi</span> <span class='ocrx_word' id='word_1_41' title='bbox 1553 1295 1625 1357; x_wconf 82' lang='lat' dir='ltr'>et</span> <span class='ocrx_word' id='word_1_42' title='bbox 1687 1294 1886 1357; x_wconf 91' lang='lat' dir='ltr'>domo</span> <span class='ocrx_word' id='word_1_43' title='bbox 1947 1294 2126 1373; x_wconf 86' lang='lat' dir='ltr'>abigi</span> <span class='ocrx_word' id='word_1_44' title='bbox 2176 1310 2250 1359; x_wconf 85' lang='lat' dir='ltr'>se</span> <span class='ocrx_word' id='word_1_45' title='bbox 2297 1294 2625 1376; x_wconf 82' lang='lat' dir='ltr'>sinerent,</span> <span class='ocrx_word' id='word_1_46' title='bbox 2675 1312 2760 1359; x_wconf 89' lang='lat' dir='ltr'>ne</span> 
     </span>
     <span class='ocr_line' id='line_1_7' title="bbox 416 1417 2762 1500; baseline 0.001 -19"><span class='ocrx_word' id='word_1_47' title='bbox 416 1418 915 1483; x_wconf 84' lang='lat' dir='ltr'>rusticissimus</span> <span class='ocrx_word' id='word_1_48' title='bbox 980 1418 1277 1499; x_wconf 90' lang='lat' dir='ltr'>quidem,</span> <span class='ocrx_word' id='word_1_49' title='bbox 1326 1418 1544 1500; x_wconf 85' lang='lat' dir='ltr'>ipsius</span> <span class='ocrx_word' id='word_1_50' title='bbox 1592 1417 2010 1498; x_wconf 86' lang='lat' dir='ltr'>Strepsiadis</span> <span class='ocrx_word' id='word_1_51' title='bbox 2056 1417 2472 1500; x_wconf 79' lang='lat' dir='ltr'>simillimuS,</span> <span class='ocrx_word' id='word_1_52' title='bbox 2521 1436 2762 1483; x_wconf 88' lang='lat' dir='ltr'>revera</span> 
     </span>
     <span class='ocr_line' id='line_1_8' title="bbox 414 1541 2758 1625; baseline 0 -19"><span class='ocrx_word' id='word_1_53' title='bbox 414 1542 679 1623; x_wconf 89' lang='lat' dir='ltr'>opinari</span> <span class='ocrx_word' id='word_1_54' title='bbox 749 1544 997 1625; x_wconf 84' lang='lat' dir='ltr'>potest.</span> <span class='ocrx_word' id='word_1_55' title='bbox 1102 1542 1392 1606; x_wconf 81' lang='lat' dir='ltr'>Nostrae</span> <span class='ocrx_word' id='word_1_56' title='bbox 1462 1541 1673 1621; x_wconf 90' lang='lat' dir='ltr'>igitur</span> <span class='ocrx_word' id='word_1_57' title='bbox 1739 1541 2009 1607; x_wconf 87' lang='lat' dir='ltr'>fabulae</span> <span class='ocrx_word' id='word_1_58' title='bbox 2074 1544 2482 1625; x_wconf 75' lang='lat' dir='ltr'>principium</span> <span class='ocrx_word' id='word_1_59' title='bbox 2549 1548 2758 1623; x_wconf 84' lang='lat' dir='ltr'>atque</span> 
     </span>
     <span class='ocr_line' id='line_1_9' title="bbox 414 1666 2759 1748; baseline 0 -18"><span class='ocrx_word' id='word_1_60' title='bbox 414 1667 929 1747; x_wconf 74' lang='lat' dir='ltr'>fundamentum</span> <span class='ocrx_word' id='word_1_61' title='bbox 988 1668 1055 1731; x_wconf 92' lang='lat' dir='ltr'>in</span> <span class='ocrx_word' id='word_1_62' title='bbox 1116 1666 1530 1747; x_wconf 82' lang='lat' dir='ltr'>cogitatione</span> <span class='ocrx_word' id='word_1_63' title='bbox 1591 1669 1870 1731; x_wconf 88' lang='lat' dir='ltr'>tantum</span> <span class='ocrx_word' id='word_1_64' title='bbox 1917 1670 2192 1731; x_wconf 87' lang='lat' dir='ltr'>exstare</span> <span class='ocrx_word' id='word_1_65' title='bbox 2240 1671 2486 1748; x_wconf 90' lang='lat' dir='ltr'>potest.</span> <span class='ocrx_word' id='word_1_66' title='bbox 2539 1668 2759 1733; x_wconf 91' lang='lat' dir='ltr'>Unus-</span> 
     </span>
     <span class='ocr_line' id='line_1_10' title="bbox 418 1789 2760 1874; baseline 0 -19"><span class='ocrx_word' id='word_1_67' title='bbox 418 1792 707 1871; x_wconf 90' lang='lat' dir='ltr'>quisque</span> <span class='ocrx_word' id='word_1_68' title='bbox 754 1794 1099 1873; x_wconf 88' lang='lat' dir='ltr'>spectator</span> <span class='ocrx_word' id='word_1_69' title='bbox 1146 1792 1364 1855; x_wconf 88' lang='lat' dir='ltr'>totius</span> <span class='ocrx_word' id='word_1_70' title='bbox 1410 1789 1683 1856; x_wconf 87' lang='lat' dir='ltr'>fabulae</span> <span class='ocrx_word' id='word_1_71' title='bbox 1720 1790 2268 1874; x_wconf 88' lang='lat' dir='ltr'>fundamentum,</span> <span class='ocrx_word' id='word_1_72' title='bbox 2303 1793 2477 1871; x_wconf 90' lang='lat' dir='ltr'>quod</span> <span class='ocrx_word' id='word_1_73' title='bbox 2514 1791 2582 1856; x_wconf 93' lang='lat' dir='ltr'>in</span> <span class='ocrx_word' id='word_1_74' title='bbox 2617 1809 2760 1857; x_wconf 88' lang='lat' dir='ltr'>ver-</span> 
     </span>
     <span class='ocr_line' id='line_1_11' title="bbox 415 1914 2760 1996; baseline 0.001 -19"><span class='ocrx_word' id='word_1_75' title='bbox 415 1914 605 1979; x_wconf 89' lang='lat' dir='ltr'>sibus</span> <span class='ocrx_word' id='word_1_76' title='bbox 672 1916 1019 1979; x_wconf 84' lang='grc'><strong>116-119</strong></span> <span class='ocrx_word' id='word_1_77' title='bbox 1080 1918 1190 1981; x_wconf 92' lang='lat' dir='ltr'>est</span> <span class='ocrx_word' id='word_1_78' title='bbox 1248 1916 1572 1996; x_wconf 87' lang='lat' dir='ltr'>positum,</span> <span class='ocrx_word' id='word_1_79' title='bbox 1634 1915 2012 1979; x_wconf 88' lang='lat' dir='ltr'>consistere</span> <span class='ocrx_word' id='word_1_80' title='bbox 2075 1932 2210 1979; x_wconf 90' lang='lat' dir='ltr'>non</span> <span class='ocrx_word' id='word_1_81' title='bbox 2257 1931 2456 1995; x_wconf 88' lang='lat' dir='ltr'>posse</span> <span class='ocrx_word' id='word_1_82' title='bbox 2505 1914 2760 1979; x_wconf 90' lang='lat' dir='ltr'>intelli-</span> 
     </span>
     <span class='ocr_line' id='line_1_12' title="bbox 414 2039 2761 2121; baseline 0 -18"><span class='ocrx_word' id='word_1_83' title='bbox 414 2040 635 2119; x_wconf 82' lang='lat' dir='ltr'>gebat,</span> <span class='ocrx_word' id='word_1_84' title='bbox 706 2039 991 2119; x_wconf 89' lang='lat' dir='ltr'>ideoque</span> <span class='ocrx_word' id='word_1_85' title='bbox 1062 2041 1443 2104; x_wconf 88' lang='lat' dir='ltr'>necessario</span> <span class='ocrx_word' id='word_1_86' title='bbox 1512 2040 1764 2121; x_wconf 87' lang='lat' dir='ltr'>omnia,</span> <span class='ocrx_word' id='word_1_87' title='bbox 1835 2056 2012 2119; x_wconf 89' lang='lat' dir='ltr'>quae</span> <span class='ocrx_word' id='word_1_88' title='bbox 2079 2056 2166 2103; x_wconf 85' lang='lat' dir='ltr'>ex</span> <span class='ocrx_word' id='word_1_89' title='bbox 2229 2056 2307 2103; x_wconf 94' lang='lat' dir='ltr'>eo</span> <span class='ocrx_word' id='word_1_90' title='bbox 2367 2044 2761 2105; x_wconf 84' lang='lat' dir='ltr'>exstrueret</span> 
     </span>
     <span class='ocr_line' id='line_1_13' title="bbox 414 2162 2098 2245; baseline 0 -18"><span class='ocrx_word' id='word_1_91' title='bbox 414 2166 633 2245; x_wconf 87' lang='lat' dir='ltr'>poeta,</span> <span class='ocrx_word' id='word_1_92' title='bbox 683 2164 906 2228; x_wconf 90' lang='lat' dir='ltr'>iocosa</span> <span class='ocrx_word' id='word_1_93' title='bbox 950 2168 1158 2243; x_wconf 88' lang='lat' dir='ltr'>atque</span> <span class='ocrx_word' id='word_1_94' title='bbox 1206 2162 1491 2228; x_wconf 90' lang='lat' dir='ltr'>ridicula</span> <span class='ocrx_word' id='word_1_95' title='bbox 1536 2180 1687 2227; x_wconf 90' lang='lat' dir='ltr'>esse</span> <span class='ocrx_word' id='word_1_96' title='bbox 1734 2164 2098 2244; x_wconf 89' lang='lat' dir='ltr'>persensit.</span> 
     </span>
    </p>

    <p class='ocr_par' dir='ltr' id='par_1_3' title="bbox 412 2286 2758 2738">
     <span class='ocr_line' id='line_1_14' title="bbox 506 2286 2758 2369; baseline -0.001 -18"><span class='ocrx_word' id='word_1_97' title='bbox 506 2287 607 2351; x_wconf 86' lang='lat' dir='ltr'>Ex</span> <span class='ocrx_word' id='word_1_98' title='bbox 678 2288 805 2353; x_wconf 88' lang='lat' dir='ltr'>hac</span> <span class='ocrx_word' id='word_1_99' title='bbox 873 2288 1084 2369; x_wconf 89' lang='lat' dir='ltr'>igitur</span> <span class='ocrx_word' id='word_1_100' title='bbox 1153 2288 1555 2353; x_wconf 89' lang='lat' dir='ltr'>certaminis</span> <span class='ocrx_word' id='word_1_101' title='bbox 1620 2303 1780 2351; x_wconf 90' lang='lat' dir='ltr'>cum</span> <span class='ocrx_word' id='word_1_102' title='bbox 1846 2288 2068 2352; x_wconf 91' lang='lat' dir='ltr'>totius</span> <span class='ocrx_word' id='word_1_103' title='bbox 2135 2286 2408 2352; x_wconf 87' lang='lat' dir='ltr'>fabulae</span> <span class='ocrx_word' id='word_1_104' title='bbox 2475 2287 2758 2351; x_wconf 90' lang='lat' dir='ltr'>consilio</span> 
     </span>
     <span class='ocr_line' id='line_1_15' title="bbox 412 2410 2758 2493; baseline -0.001 -18"><span class='ocrx_word' id='word_1_105' title='bbox 412 2412 921 2493; x_wconf 87' lang='lat' dir='ltr'>comparatione</span> <span class='ocrx_word' id='word_1_106' title='bbox 966 2414 1095 2477; x_wconf 91' lang='lat' dir='ltr'>hoc</span> <span class='ocrx_word' id='word_1_107' title='bbox 1139 2413 1561 2477; x_wconf 90' lang='lat' dir='ltr'>constituere</span> <span class='ocrx_word' id='word_1_108' title='bbox 1599 2412 1944 2492; x_wconf 89' lang='lat' dir='ltr'>cogimur:</span> <span class='ocrx_word' id='word_1_109' title='bbox 1994 2415 2337 2476; x_wconf 86' lang='lat' dir='ltr'>certamen</span> <span class='ocrx_word' id='word_1_110' title='bbox 2397 2410 2758 2490; x_wconf 89' lang='lat' dir='ltr'>utriusque</span> 
     </span>
     <span class='ocr_line' id='line_1_16' title="bbox 412 2532 2758 2613; baseline 0 -16"><span class='ocrx_word' id='word_1_111' title='bbox 412 2532 605 2613; x_wconf 72' lang='grc' dir='ltr'><strong><em>λόγου</em></strong></span> <span class='ocrx_word' id='word_1_112' title='bbox 688 2553 847 2600; x_wconf 91' lang='lat' dir='ltr'>cum</span> <span class='ocrx_word' id='word_1_113' title='bbox 931 2539 1203 2600; x_wconf 88' lang='lat' dir='ltr'>nostrae</span> <span class='ocrx_word' id='word_1_114' title='bbox 1286 2535 1669 2599; x_wconf 88' lang='lat' dir='ltr'>comoediae</span> <span class='ocrx_word' id='word_1_115' title='bbox 1753 2537 2088 2599; x_wconf 86' lang='lat' dir='ltr'>contextu</span> <span class='ocrx_word' id='word_1_116' title='bbox 2155 2533 2540 2598; x_wconf 88' lang='lat' dir='ltr'>arctissime</span> <span class='ocrx_word' id='word_1_117' title='bbox 2608 2550 2758 2597; x_wconf 85' lang='lat' dir='ltr'>esse</span> 
     </span>
     <span class='ocr_line' id='line_1_17' title="bbox 412 2655 2156 2738; baseline -0.001 -17"><span class='ocrx_word' id='word_1_118' title='bbox 412 2658 879 2738; x_wconf 89' lang='lat' dir='ltr'>conjunctum.</span> <span class='ocrx_word' id='word_1_119' title='bbox 929 2658 1127 2734; x_wconf 92' lang='lat' dir='ltr'>(Vide</span> <span class='ocrx_word' id='word_1_120' title='bbox 1174 2656 1355 2721; x_wconf 85' lang='lat' dir='ltr'>infra</span> <span class='ocrx_word' id='word_1_121' title='bbox 1400 2656 1685 2721; x_wconf 91' lang='lat' dir='ltr'>huiusce</span> <span class='ocrx_word' id='word_1_122' title='bbox 1732 2660 1770 2733; x_wconf 64' lang='grc' dir='ltr'><strong>ς</strong></span> <span class='ocrx_word' id='word_1_123' title='bbox 1817 2658 1860 2719; x_wconf 86' lang='lat'>4</span> <span class='ocrx_word' id='word_1_124' title='bbox 1905 2655 2156 2735; x_wconf 89' lang='lat' dir='ltr'>finem).</span> 
     </span>
    </p>

    <p class='ocr_par' dir='ltr' id='par_1_4' title="bbox 408 2779 2758 3345">
     <span class='ocr_line' id='line_1_18' title="bbox 503 2779 2758 2866; baseline -0.001 -20"><span class='ocrx_word' id='word_1_125' title='bbox 503 2782 647 2863; x_wconf 82' lang='lat' dir='ltr'>Quo</span> <span class='ocrx_word' id='word_1_126' title='bbox 708 2782 986 2846; x_wconf 87' lang='lat' dir='ltr'>tandem</span> <span class='ocrx_word' id='word_1_127' title='bbox 1044 2782 1241 2847; x_wconf 92' lang='lat' dir='ltr'>modo</span> <span class='ocrx_word' id='word_1_128' title='bbox 1294 2784 1358 2845; x_wconf 80' lang='grc' dir='ltr'>τὸ</span> <span class='ocrx_word' id='word_1_129' title='bbox 1406 2796 1746 2865; x_wconf 69' lang='grc' dir='ltr'><em>σωφρονεῖν</em></span> <span class='ocrx_word' id='word_1_130' title='bbox 1797 2794 2019 2866; x_wconf 80' lang='grc' dir='ltr'><em>χρῆναι</em></span> <span class='ocrx_word' id='word_1_131' title='bbox 2067 2779 2421 2845; x_wconf 86' lang='lat' dir='ltr'>confutare</span> <span class='ocrx_word' id='word_1_132' title='bbox 2467 2784 2758 2857; x_wconf 80' lang='lat' dir='ltr'>conatur</span> 
     </span>
     <span class='ocr_line' id='line_1_19' title="bbox 412 2905 2756 2988; baseline -0.001 -18"><span class='ocrx_word' id='word_1_133' title='bbox 412 2906 853 2972; x_wconf 77' lang='lat' dir='ltr'>Dissolutus?</span> <span class='ocrx_word' id='word_1_134' title='bbox 898 2907 1107 2972; x_wconf 92' lang='lat' dir='ltr'>Initio</span> <span class='ocrx_word' id='word_1_135' title='bbox 1140 2908 1315 2972; x_wconf 89' lang='lat' dir='ltr'>hanc</span> <span class='ocrx_word' id='word_1_136' title='bbox 1348 2908 1543 2988; x_wconf 88' lang='lat' dir='ltr'>ponit</span> <span class='ocrx_word' id='word_1_137' title='bbox 1575 2907 2073 2988; x_wconf 88' lang='lat' dir='ltr'>quaestionem,</span> <span class='ocrx_word' id='word_1_138' title='bbox 2099 2923 2266 2968; x_wconf 87' lang='lat' dir='ltr'>num</span> <span class='ocrx_word' id='word_1_139' title='bbox 2293 2905 2400 2968; x_wconf 92' lang='lat' dir='ltr'>cui</span> <span class='ocrx_word' id='word_1_140' title='bbox 2429 2921 2756 2984; x_wconf 88' lang='lat' dir='ltr'>umquam</span> 
     </span>
     <span class='ocr_line' id='line_1_20' title="bbox 412 3028 2758 3112; baseline -0.001 -18"><span class='ocrx_word' id='word_1_141' title='bbox 412 3031 797 3096; x_wconf 83' lang='lat' dir='ltr'>utilitatem</span> <span class='ocrx_word' id='word_1_142' title='bbox 856 3032 1247 3112; x_wconf 90' lang='lat' dir='ltr'>praebuerit</span> <span class='ocrx_word' id='word_1_143' title='bbox 1310 3030 1760 3097; x_wconf 86' lang='lat' dir='ltr'>abstinentia.</span> <span class='ocrx_word' id='word_1_144' title='bbox 1839 3031 2102 3095; x_wconf 89' lang='lat' dir='ltr'>Probus</span> <span class='ocrx_word' id='word_1_145' title='bbox 2165 3028 2278 3092; x_wconf 88' lang='lat' dir='ltr'>hic</span> <span class='ocrx_word' id='word_1_146' title='bbox 2325 3029 2497 3092; x_wconf 88' lang='lat' dir='ltr'>nihil</span> <span class='ocrx_word' id='word_1_147' title='bbox 2548 3029 2758 3093; x_wconf 87' lang='lat' dir='ltr'>habet</span> 
     </span>
     <span class='ocr_line' id='line_1_21' title="bbox 410 3154 2758 3240; baseline -0.002 -20"><span class='ocrx_word' id='word_1_148' title='bbox 410 3155 586 3235; x_wconf 91' lang='lat' dir='ltr'>quod</span> <span class='ocrx_word' id='word_1_149' title='bbox 650 3154 1059 3237; x_wconf 85' lang='lat' dir='ltr'>respondeat</span> <span class='ocrx_word' id='word_1_150' title='bbox 1122 3155 1291 3220; x_wconf 89' lang='lat' dir='ltr'>nisi:</span> <span class='ocrx_word' id='word_1_151' title='bbox 1363 3155 1647 3240; x_wconf 79' lang='lat' dir='ltr'>„Peleus</span> <span class='ocrx_word' id='word_1_152' title='bbox 1690 3155 1956 3236; x_wconf 87' lang='lat' dir='ltr'>accepit</span> <span class='ocrx_word' id='word_1_153' title='bbox 1999 3156 2314 3238; x_wconf 77' lang='grc' dir='ltr'><em>μάχαιραν</em></span> <span class='ocrx_word' id='word_1_154' title='bbox 2363 3157 2434 3216; x_wconf 90' lang='lat' dir='ltr'>et</span> <span class='ocrx_word' id='word_1_155' title='bbox 2481 3157 2758 3234; x_wconf 89' lang='lat' dir='ltr'>propter</span> 
     </span>
     <span class='ocr_line' id='line_1_22' title="bbox 408 3279 1856 3345; baseline -0.001 -1"><span class='ocrx_word' id='word_1_156' title='bbox 408 3280 807 3344; x_wconf 86' lang='lat' dir='ltr'>castitatem</span> <span class='ocrx_word' id='word_1_157' title='bbox 854 3296 1138 3344; x_wconf 86' lang='lat' dir='ltr'>uxorem</span> <span class='ocrx_word' id='word_1_158' title='bbox 1185 3280 1387 3345; x_wconf 88' lang='lat' dir='ltr'>duxit</span> <span class='ocrx_word' id='word_1_159' title='bbox 1434 3279 1856 3344; x_wconf 85' lang='lat' dir='ltr'>Thetidem.”</span> 
     </span>
    </p>

    <p class='ocr_par' dir='ltr' id='par_1_5' title="bbox 408 3399 2756 3735">
     <span class='ocr_line' id='line_1_23' title="bbox 506 3399 2755 3488; baseline -0.002 -19"><span class='ocrx_word' id='word_1_160' title='bbox 506 3405 1068 3488; x_wconf 81' lang='lat' dir='ltr'>„Machaera1n?’&#39;</span> <span class='ocrx_word' id='word_1_161' title='bbox 1132 3441 1191 3448; x_wconf 93' lang='lat'>—</span> <span class='ocrx_word' id='word_1_162' title='bbox 1248 3404 1593 3468; x_wconf 85' lang='lat' dir='ltr'>exclamat</span> <span class='ocrx_word' id='word_1_163' title='bbox 1648 3402 2040 3467; x_wconf 90' lang='lat' dir='ltr'>Dissolutus</span> <span class='ocrx_word' id='word_1_164' title='bbox 2091 3439 2168 3446; x_wconf 98' lang='lat'><strong>—</strong></span> <span class='ocrx_word' id='word_1_165' title='bbox 2225 3399 2565 3484; x_wconf 83' lang='lat' dir='ltr'>„lepidum</span> <span class='ocrx_word' id='word_1_166' title='bbox 2590 3417 2755 3464; x_wconf 88' lang='lat' dir='ltr'>sane</span> 
     </span>
     <span class='ocr_line' id='line_1_24' title="bbox 408 3520 2756 3610; baseline -0.002 -17"><span class='ocrx_word' id='word_1_167' title='bbox 408 3529 711 3594; x_wconf 87' lang='lat' dir='ltr'>lucrum!</span> <span class='ocrx_word' id='word_1_168' title='bbox 762 3529 1033 3610; x_wconf 82' lang='lat' dir='ltr'>Quanto</span> <span class='ocrx_word' id='word_1_169' title='bbox 1083 3528 1237 3610; x_wconf 89' lang='lat' dir='ltr'>plus</span> <span class='ocrx_word' id='word_1_170' title='bbox 1280 3527 1620 3593; x_wconf 89' lang='lat' dir='ltr'>commodi</span> <span class='ocrx_word' id='word_1_171' title='bbox 1665 3529 1912 3592; x_wconf 85' lang='lat' dir='ltr'>afferre</span> <span class='ocrx_word' id='word_1_172' title='bbox 1941 3527 2118 3592; x_wconf 88' lang='lat' dir='ltr'>solet</span> <span class='ocrx_word' id='word_1_173' title='bbox 2155 3531 2190 3607; x_wconf 75' lang='grc' dir='ltr'><em>ἡ</em></span> <span class='ocrx_word' id='word_1_174' title='bbox 2219 3520 2530 3610; x_wconf 71' lang='grc' dir='ltr'><em>πονηρία]</em></span> <span class='ocrx_word' id='word_1_175' title='bbox 2579 3525 2756 3589; x_wconf 84' lang='lat' dir='ltr'>Puta</span> 
     </span>
     <span class='ocr_line' id='line_1_25' title="bbox 408 3650 2753 3735; baseline -0.002 -18"><span class='ocrx_word' id='word_1_176' title='bbox 408 3653 905 3735; x_wconf 80' lang='lat' dir='ltr'>Hyperbolum,</span> <span class='ocrx_word' id='word_1_177' title='bbox 938 3653 1053 3733; x_wconf 89' lang='lat' dir='ltr'>qui</span> <span class='ocrx_word' id='word_1_178' title='bbox 1095 3652 1375 3717; x_wconf 89' lang='lat' dir='ltr'>divitias</span> <span class='ocrx_word' id='word_1_179' title='bbox 1413 3669 1577 3717; x_wconf 88' lang='lat' dir='ltr'>suas</span> <span class='ocrx_word' id='word_1_180' title='bbox 1614 3652 1946 3735; x_wconf 87' lang='lat' dir='ltr'>pravitati</span> <span class='ocrx_word' id='word_1_181' title='bbox 1987 3652 2192 3716; x_wconf 88' lang='lat' dir='ltr'>debet</span> <span class='ocrx_word' id='word_1_182' title='bbox 2213 3669 2294 3716; x_wconf 89' lang='lat' dir='ltr'>ac</span> <span class='ocrx_word' id='word_1_183' title='bbox 2334 3650 2753 3716; x_wconf 80' lang='lat' dir='ltr'>fraudibus,”</span> 
     </span>
    </p>

    <p class='ocr_par' dir='ltr' id='par_1_6' title="bbox 402 3775 2755 4479">
     <span class='ocr_line' id='line_1_26' title="bbox 502 3775 2755 3862; baseline -0.002 -19"><span class='ocrx_word' id='word_1_184' title='bbox 502 3779 651 3862; x_wconf 87' lang='lat' dir='ltr'>„Ad</span> <span class='ocrx_word' id='word_1_185' title='bbox 710 3779 1109 3844; x_wconf 80' lang='lat' dir='ltr'>castitatem</span> <span class='ocrx_word' id='word_1_186' title='bbox 1156 3779 1333 3857; x_wconf 88' lang='lat' dir='ltr'>quod</span> <span class='ocrx_word' id='word_1_187' title='bbox 1382 3778 1703 3860; x_wconf 88' lang='lat' dir='ltr'>pertinet,</span> <span class='ocrx_word' id='word_1_188' title='bbox 1753 3794 1888 3841; x_wconf 94' lang='lat' dir='ltr'>non</span> <span class='ocrx_word' id='word_1_189' title='bbox 1936 3777 2016 3858; x_wconf 84' lang='lat' dir='ltr'>is,</span> <span class='ocrx_word' id='word_1_190' title='bbox 2066 3777 2182 3856; x_wconf 89' lang='lat' dir='ltr'>qui</span> <span class='ocrx_word' id='word_1_191' title='bbox 2229 3776 2310 3840; x_wconf 85' lang='lat' dir='ltr'>ad</span> <span class='ocrx_word' id='word_1_192' title='bbox 2363 3775 2755 3856; x_wconf 82' lang='lat' dir='ltr'>voluptates</span> 
     </span>
     <span class='ocr_line' id='line_1_27' title="bbox 406 3900 2754 3984; baseline -0.002 -18"><span class='ocrx_word' id='word_1_193' title='bbox 406 3903 692 3968; x_wconf 89' lang='lat' dir='ltr'>minime</span> <span class='ocrx_word' id='word_1_194' title='bbox 740 3919 1147 3984; x_wconf 88' lang='lat' dir='ltr'>propensam</span> <span class='ocrx_word' id='word_1_195' title='bbox 1196 3902 1402 3968; x_wconf 87' lang='lat' dir='ltr'>habet</span> <span class='ocrx_word' id='word_1_196' title='bbox 1448 3905 1792 3982; x_wconf 85' lang='lat' dir='ltr'>naturam,</span> <span class='ocrx_word' id='word_1_197' title='bbox 1841 3900 2087 3965; x_wconf 92' lang='lat' dir='ltr'>idcirco</span> <span class='ocrx_word' id='word_1_198' title='bbox 2135 3900 2332 3964; x_wconf 90' lang='lat' dir='ltr'>laude</span> <span class='ocrx_word' id='word_1_199' title='bbox 2379 3902 2452 3964; x_wconf 95' lang='lat' dir='ltr'>et</span> <span class='ocrx_word' id='word_1_200' title='bbox 2503 3900 2754 3963; x_wconf 89' lang='lat' dir='ltr'>honore</span> 
     </span>
     <span class='ocr_line' id='line_1_28' title="bbox 402 4021 2752 4108; baseline -0.003 -17"><span class='ocrx_word' id='word_1_201' title='bbox 402 4027 653 4108; x_wconf 90' lang='lat' dir='ltr'>dignus</span> <span class='ocrx_word' id='word_1_202' title='bbox 712 4030 823 4090; x_wconf 88' lang='lat' dir='ltr'>est</span> <span class='ocrx_word' id='word_1_203' title='bbox 884 4025 1311 4092; x_wconf 76' lang='lat' dir='ltr'>habendus!”</span> <span class='ocrx_word' id='word_1_204' title='bbox 1360 4031 1485 4102; x_wconf 88' lang='lat' dir='ltr'>(vs.</span> <span class='ocrx_word' id='word_1_205' title='bbox 1540 4026 1707 4089; x_wconf 89' lang='grc'>1068</span> <span class='ocrx_word' id='word_1_206' title='bbox 1757 4025 1948 4106; x_wconf 85' lang='lat' dir='ltr'>sqq.),</span> <span class='ocrx_word' id='word_1_207' title='bbox 1995 4023 2082 4089; x_wconf 85' lang='lat' dir='ltr'>cf.</span> <span class='ocrx_word' id='word_1_208' title='bbox 2130 4022 2339 4088; x_wconf 89' lang='lat' dir='ltr'>huius</span> <span class='ocrx_word' id='word_1_209' title='bbox 2385 4023 2566 4087; x_wconf 91' lang='lat' dir='ltr'>Part.</span> <span class='ocrx_word' id='word_1_210' title='bbox 2616 4039 2672 4086; x_wconf 93' lang='lat' dir='ltr'>c.</span> <span class='ocrx_word' id='word_1_211' title='bbox 2722 4021 2752 4085; x_wconf 97' lang='grc' dir='ltr'>Ι</span> 
     </span>
     <span class='ocr_line' id='line_1_29' title="bbox 406 4145 2753 4234; baseline -0.003 -20"><span class='ocrx_word' id='word_1_212' title='bbox 406 4157 443 4228; x_wconf 56' lang='grc' dir='ltr'>ς·</span> <span class='ocrx_word' id='word_1_213' title='bbox 490 4153 552 4214; x_wconf 87' lang='grc'>4.</span> <span class='ocrx_word' id='word_1_214' title='bbox 606 4149 947 4234; x_wconf 88' lang='lat' dir='ltr'>„Deinde”</span> <span class='ocrx_word' id='word_1_215' title='bbox 990 4187 1047 4196; x_wconf 88' lang='lat'><em>-</em></span> <span class='ocrx_word' id='word_1_216' title='bbox 1086 4151 1184 4214; x_wconf 91' lang='lat' dir='ltr'>sic</span> <span class='ocrx_word' id='word_1_217' title='bbox 1224 4151 1445 4232; x_wconf 89' lang='lat' dir='ltr'>pergit</span> <span class='ocrx_word' id='word_1_218' title='bbox 1486 4149 1880 4213; x_wconf 89' lang='lat' dir='ltr'>Dissolutus</span> <span class='ocrx_word' id='word_1_219' title='bbox 1917 4185 1978 4194; x_wconf 91' lang='lat'><em>-</em></span> <span class='ocrx_word' id='word_1_220' title='bbox 2020 4147 2431 4232; x_wconf 90' lang='lat' dir='ltr'>„considera,</span> <span class='ocrx_word' id='word_1_221' title='bbox 2473 4145 2753 4225; x_wconf 89' lang='lat' dir='ltr'>quantis</span> 
     </span>
     <span class='ocr_line' id='line_1_30' title="bbox 406 4269 2750 4354; baseline -0.002 -16"><span class='ocrx_word' id='word_1_222' title='bbox 406 4273 885 4354; x_wconf 85' lang='lat' dir='ltr'>voluptatibus</span> <span class='ocrx_word' id='word_1_223' title='bbox 971 4273 1189 4338; x_wconf 91' lang='lat' dir='ltr'>Probo</span> <span class='ocrx_word' id='word_1_224' title='bbox 1279 4273 1617 4352; x_wconf 87' lang='lat' dir='ltr'>Castoque</span> <span class='ocrx_word' id='word_1_225' title='bbox 1705 4273 1801 4336; x_wconf 89' lang='lat' dir='ltr'>sit</span> <span class='ocrx_word' id='word_1_226' title='bbox 1887 4271 2410 4336; x_wconf 89' lang='lat' dir='ltr'>abstinendum:</span> <span class='ocrx_word' id='word_1_227' title='bbox 2499 4269 2750 4351; x_wconf 80' lang='lat' dir='ltr'>pueriS,</span> 
     </span>
     <span class='ocr_line' id='line_1_31' title="bbox 404 4393 2625 4479; baseline -0.002 -16"><span class='ocrx_word' id='word_1_228' title='bbox 404 4399 829 4479; x_wconf 62' lang='lat' dir='ltr'>mulieribus</span> <span class='ocrx_word' id='word_1_229' title='bbox 879 4398 1195 4478; x_wconf 78' lang='lat' dir='ltr'>cottabiS,</span> <span class='ocrx_word' id='word_1_230' title='bbox 1246 4397 1603 4478; x_wconf 57' lang='lat' dir='ltr'>conviviis,</span> <span class='ocrx_word' id='word_1_231' title='bbox 1656 4396 2142 4478; x_wconf 88' lang='lat' dir='ltr'>potationibus,</span> <span class='ocrx_word' id='word_1_232' title='bbox 2192 4393 2625 4459; x_wconf 87' lang='lat' dir='ltr'>cachinnis!”</span> 
     </span>
    </p>

    <p class='ocr_par' dir='ltr' id='par_1_7' title="bbox 406 4522 2750 4850">
     <span class='ocr_line' id='line_1_32' title="bbox 717 4522 2409 4606; baseline -0.003 -20"><span class='ocrx_word' id='word_1_233' title='bbox 717 4527 919 4586; x_wconf 75' lang='grc' dir='ltr'><strong><em>καίτοι</em></strong></span> <span class='ocrx_word' id='word_1_234' title='bbox 970 4525 1028 4586; x_wconf 74' lang='grc' dir='ltr'>τί</span> <span class='ocrx_word' id='word_1_235' title='bbox 1075 4545 1167 4586; x_wconf 78' lang='grc' dir='ltr'>σοι</span> <span class='ocrx_word' id='word_1_236' title='bbox 1217 4525 1329 4606; x_wconf 77' lang='grc' dir='ltr'>ζῆν</span> <span class='ocrx_word' id='word_1_237' title='bbox 1377 4522 1577 4599; x_wconf 78' lang='grc' dir='ltr'><em>ἄξιον,</em></span> <span class='ocrx_word' id='word_1_238' title='bbox 1623 4526 1863 4585; x_wconf 78' lang='grc' dir='ltr'><em>τούτων</em></span> <span class='ocrx_word' id='word_1_239' title='bbox 1911 4524 2018 4586; x_wconf 69' lang='grc' dir='ltr'>ἐὰν</span> <span class='ocrx_word' id='word_1_240' title='bbox 2068 4527 2365 4603; x_wconf 69' lang='grc' dir='ltr'>στερηθῇς</span> <span class='ocrx_word' id='word_1_241' title='bbox 2389 4544 2409 4594; x_wconf 76' lang='lat'><em>3</em></span> 
     </span>
     <span class='ocr_line' id='line_1_33' title="bbox 406 4641 2750 4728; baseline -0.003 -16"><span class='ocrx_word' id='word_1_242' title='bbox 406 4649 585 4713; x_wconf 90' lang='lat' dir='ltr'>Huic</span> <span class='ocrx_word' id='word_1_243' title='bbox 654 4648 986 4728; x_wconf 84' lang='lat' dir='ltr'>rogationi</span> <span class='ocrx_word' id='word_1_244' title='bbox 1038 4648 1305 4712; x_wconf 89' lang='lat' dir='ltr'>nullum</span> <span class='ocrx_word' id='word_1_245' title='bbox 1354 4647 1725 4728; x_wconf 87' lang='lat' dir='ltr'>opponitur</span> <span class='ocrx_word' id='word_1_246' title='bbox 1775 4646 1976 4710; x_wconf 90' lang='lat' dir='ltr'>Probi</span> <span class='ocrx_word' id='word_1_247' title='bbox 2027 4661 2454 4725; x_wconf 86' lang='lat' dir='ltr'>responsum.</span> <span class='ocrx_word' id='word_1_248' title='bbox 2527 4641 2750 4705; x_wconf 88' lang='lat' dir='ltr'>Vocat</span> 
     </span>
     <span class='ocr_line' id='line_1_34' title="bbox 407 4765 2747 4850; baseline -0.004 -12"><span class='ocrx_word' id='word_1_249' title='bbox 407 4775 647 4839; x_wconf 80' lang='lat' dir='ltr'>deinde</span> <span class='ocrx_word' id='word_1_250' title='bbox 696 4777 727 4835; x_wconf 82' lang='grc' dir='ltr'><strong>ὁ</strong></span> <span class='ocrx_word' id='word_1_251' title='bbox 776 4773 1048 4845; x_wconf 70' lang='grc' dir='ltr'>’Ἄδικος</span> <span class='ocrx_word' id='word_1_252' title='bbox 1098 4772 1417 4836; x_wconf 78' lang='lat' dir='ltr'>libidines</span> <span class='ocrx_word' id='word_1_253' title='bbox 1462 4776 1573 4844; x_wconf 71' lang='grc' dir='ltr'>τὰς</span> <span class='ocrx_word' id='word_1_254' title='bbox 1620 4786 1729 4850; x_wconf 81' lang='grc' dir='ltr'>τῆς</span> <span class='ocrx_word' id='word_1_255' title='bbox 1776 4773 2012 4850; x_wconf 68' lang='grc' dir='ltr'><em>φύσεως</em></span> <span class='ocrx_word' id='word_1_256' title='bbox 2058 4769 2340 4848; x_wconf 76' lang='grc' dir='ltr'><em>ἀνάγκας</em></span> <span class='ocrx_word' id='word_1_257' title='bbox 2373 4765 2747 4847; x_wconf 49' lang='grc'><strong>0181075).</strong></span> 
     </span>
    </p>
   </div>
  </div>
 </body>
</html>
