3478 5737
1798 628 1924 692 180

686 824 1068 905 pecuniam,
1116 823 1444 887 incertus.
1496 821 1665 886 Cum
1717 823 2060 904 Amynias
2105 840 2302 887 suam
2335 824 2633 906 reposcit
2666 825 3034 906 pecuniam

688 950 883 1027 (1267
936 953 1127 1030 sqq.),
1178 948 1344 1012 dicit
1393 947 1824 1028 Strepsiades
1871 948 2131 1025 (1271):
2161 948 2210 1025 1)

1094 1085 1302 1146 κακῶς
1348 1074 1448 1155 ἄρ’
1498 1073 1694 1146 ὄντως
1739 1070 1911 1157 εἶχες,
1963 1072 2045 1146 ὥς
2090 1074 2150 1152 γ’
2198 1076 2331 1153 ἐμοὶ
2381 1074 2601 1151 δοκεῖς,

689 1199 772 1263 de
819 1198 1162 1263 industria
1209 1199 1278 1263 in
1329 1198 1551 1263 medio
1598 1198 2016 1280 relinquenS,
2066 1199 2224 1279 quid
2276 1201 2562 1281 spectet.
2632 1198 3035 1281 Suspicatur

688 1324 925 1385 autem
996 1321 1288 1385 creditor
1355 1321 1694 1385 rusticum
1765 1320 2068 1385 voluisse
2137 1339 2465 1386 curruum
2535 1321 2828 1403 lapsum,
2875 1322 3040 1386 ami·

689 1462 981 1525 cumque
1036 1444 1502 1509 misericordia
1548 1462 1697 1509 esse
1747 1449 2173 1528 permotum;
2222 1446 2590 1527 respondet
2636 1446 2880 1527 igitur:
2928 1445 3040 1509 ἳπ-

690 1598 847 1643 πους
912 1570 1192 1635 ἐλαύνων
1254 1570 1552 1643 ἐξέπεσον.
1586 1570 1635 1649 2)
1698 1576 1937 1653 Ληρετν
1987 1570 2394 1635 creditorem
2439 1573 2794 1649 tamquam
2847 1571 2904 1635 si
2953 1572 3038 1636 ab

688 1698 881 1760 asino
931 1696 1280 1776 deciderit,
1330 1694 1652 1777 opinatur
1688 1694 2002 1775 agricola.
2030 1692 2081 1771 3)
2129 1694 2314 1777 Quae
2354 1711 2489 1759 vox
2522 1694 2686 1759 licet
2717 1695 3034 1775 ambigue

690 1822 783 1885 sit
850 1820 1052 1901 dicta,
1120 1837 1303 1885 nunc
1349 1820 1598 1900 accipit
1644 1819 1992 1901 Amynias
2039 1819 2234 1899 quasi
2283 1819 2508 1883 solum
2556 1818 2902 1901 pertineat
2945 1820 3027 1883 ad

691 1946 910 2027 ipsius
954 1944 1493 2026 postulationem
1540 1950 1669 2021 (vs,
1725 1944 1955 2020 1274):

1091 2069 1282 2153 ληρῶ,
1332 2073 1407 2133 τὰ
1457 2066 1719 2154 χρήματ’
1770 2068 2114 2155 ἀπολαβεῖν
2165 2072 2214 2131 εἶ
2263 2067 2576 2154 βούλομαι
2593 2090 2620 2147 ,·

772 2271 820 2350 1)
863 2271 1173 2329 Immerito
1230 2293 1307 2329 m.
1366 2273 1402 2329 i.
1460 2272 1579 2331 viri
1634 2272 1798 2330 docti
1853 2272 2032 2330 huius
2083 2291 2295 2332 versus
2337 2270 2798 2349 ambiguitatem
2840 2271 3046 2347 negle—

694 2374 865 2445 gunt.
950 2370 1222 2427 Annotat
1292 2368 1722 2428 Leeuwenius:
1793 2368 2142 2446 „Neglectis
2205 2370 2506 2447 Amyniae
2567 2368 2772 2429 verbis
2831 2372 3043 2446 utpote

696 2467 1010 2525 delirantis
1067 2468 1339 2541 ‘qraviter
1388 2467 1662 2541 profecto’
1710 2466 2093 2544 Strepsiades
2135 2469 2220 2525 ait
2264 2467 2542 2525 ‘laborare-
2584 2466 2724 2525 mihi
2766 2465 3040 2527 videri3.’'

694 2566 1088 2643 Blaydesius:
1157 2566 1347 2639 „male
1408 2565 1600 2642 igitur
1660 2584 1873 2625 revera
1933 2565 2050 2624 tibi
2104 2565 2234 2625 est''
2292 2585 2374 2624 sc.
2432 2586 2567 2623 cum
2608 2564 2732 2623 filio
2773 2571 3046 2623 mutuam

695 2664 939 2723 dederis
992 2664 1325 2741 pecuniam.
1409 2663 1631 2722 Schsitz
1687 2662 1921 2741 (1821):
1986 2683 2165 2737 „sane
2221 2664 2413 2741 igitur
2463 2663 2616 2742 (tum
2679 2682 2862 2738 quum
2923 2660 3046 2720 filio

696 2782 827 2820 meo
889 2763 1205 2839 pecuniam
1268 2761 1582 2831 credebas)
1643 2763 1800 2819 male
1861 2781 1989 2820 rem
2050 2761 2308 2838 gerebas
2369 2761 2536 2841 (quia
2587 2761 2736 2819 haec
2791 2761 3048 2839 pecunia

697 2881 1001 2936 nunquam
1064 2860 1141 2919 ad
1205 2866 1264 2918 te
1328 2859 1635 2934 red.ibit).'’
1713 2859 2021 2919 Kockius:
2090 2862 2289 2938 ,,εἶχες
2348 2895 2420 2903 -
2481 2860 2570 2918 als
2611 2859 2695 2917 du
2737 2858 2846 2918 das
2889 2858 3048 2918 Geld

700 2959 1029 3035 borgtest.’'
1076 2957 1441 3016 Scholiastes
1481 2978 1600 3016 non
1641 2958 1838 3034 magis
1881 2957 1959 3015 ad
2000 2956 2466 3034 ambiguitatem
2507 2955 2839 3015 attendisse
2878 2956 3046 3014 vide-

700 3063 829 3115 tur:
898 3064 1091 3121 κακῶς
1134 3056 1227 3134 ἄρ’
1268 3058 1450 3132 εἶχες,
1496 3057 1591 3112 διὰ
1638 3043 1703 3112 “rb
1747 3059 1865 3113 ἄνω
1908 3059 2198 3133 εἰρηκέναι
2241 3059 2318 3112 Ιώ
2361 3059 2483 3132 μοί
2526 3073 2669 3133 μοι,
2717 3060 2814 3112 καὶ
2859 3055 3044 3132 ἀνὴρ

702 3157 1219 3233 κακοδαίμων,
1265 3156 1547 3228 ἐπήγαγε
1594 3155 1659 3210 τὸ
1702 3153 1902 3218 ὅντως.

777 3253 826 3330 2)
890 3252 1277 3310 Dissentiunt
1337 3250 1456 3310 viri
1511 3250 1676 3308 docti
1733 3249 1810 3308 de
1864 3249 2045 3308 huius
2087 3269 2297 3308 versus
2339 3248 2546 3327 (1272)
2587 3247 3045 3326 significatione.

699 3350 971 3408 Annotat
1028 3347 1412 3408 Godosredus
1452 3348 1872 3406 Hermannus:
1921 3347 2125 3421 „Illud
2168 3353 2331 3406 recte
2374 3347 2768 3406 Scholiastes:
2815 3349 2936 3425 ἅμα
2981 3349 3044 3404 δὲ

704 3455 798 3506 καὶ
862 3449 1037 3512 αὐτὸς
1093 3445 1473 3524 ἱππ-στροφῶν
1539 3447 2022 3523 έδυσπράγησεν.
2103 3445 2258 3504 Nam
2317 3446 2476 3519 quod
2531 3445 2683 3502 dicit
2733 3445 3044 3522 AmyniaS,

700 3549 1003 3622 ἐξέπεσον,
1060 3544 1323 3620 intelligi
1367 3543 1500 3600 vult
1545 3550 1661 3598 τῶν
1704 3545 2075 3620 χρημάτων
2121 3542 2230 3600 sed
2273 3540 2656 3618 Strepsiades
2699 3546 2768 3599 ut
2809 3541 3047 3618 proprie

702 3643 933 3700 dictum
977 3641 1251 3718 accipit.⁷’

782 3741 1132 3816 Teuffelius,
1196 3739 1300 3815 qui
1362 3739 1575 3796 ultima
1628 3737 1846 3795 haecce
1903 3735 2108 3812 refert,
2167 3737 2342 3796 addit
2399 3743 2629 3796 tamen:
2693 3736 2848 3810 „nisi
2889 3736 3049 3794 idem

708 3839 970 3897 voluerit
1010 3839 1193 3896 etiam
1234 3835 1585 3914 Amynias.''
1650 3834 1925 3894 Kockius
1967 3837 2176 3894 eadem
2217 3836 2555 3894 Hel-manni
2595 3833 2781 3894 verba
2821 3834 3049 3910 laudat,

708 3936 860 3994 nihil
914 3942 1114 3994 autem
1171 3934 1360 3993 addit.
1440 3933 1682 4010 Optime
1737 3933 2163 3993 Leeuwenius:
2227 3934 2481 4008 „Aliena
2532 3933 2676 3992 hinc
2723 3938 2819 3991 est
2861 3933 3052 3991 altera

707 4033 879 4093 verbi
920 4037 1225 4091 ἐκπίπτειν
1268 4029 1629 4108 significatio
1672 4031 1832 4089 bonis
1874 4031 2147 4104 excidere,
2191 4050 2291 4106 spe
2328 4031 2634 4108 frustrari,
2667 4049 2846 4106 quam
2873 4031 3052 4089 multi

712 4138 913 4190 tamen
975 4131 1238 4190 editores
1298 4129 1409 4187 hoc
1471 4147 1705 4204 quoque
1761 4129 1890 4186 loco
1946 4131 2004 4188 ei
2060 4129 2422 4206 tribuerunt,
2479 4128 2862 4188 scholiastam
2905 4128 3049 4187 dum

709 4235 1043 4303 sequuntur
1084 4229 1234 4286 mire
1277 4226 1666 4285 obscurantes
1709 4225 1895 4285 verba
1936 4227 2234 4304 simplicia
2274 4228 2590 4304 perspicua
2631 4225 2909 4284 festiva.’'

790 4327 838 4405 3)
880 4327 1017 4386 Non
1058 4326 1255 4402 magis
1298 4324 1681 4382 consentiunt
1724 4325 1841 4382 viri
1884 4324 2046 4382 docti
2090 4325 2166 4382 de
2207 4323 2524 4402 proverbio
2567 4323 2670 4380 ἀπ’
2698 4325 2822 4380 ὄνου
2853 4325 3051 4380 πεσεῖν

715 4422 1182 4504 (καταπεσεῖν).
1242 4420 1627 4481 &odofredus
1667 4422 2052 4480 Hermannus
2095 4421 2538 4499 amphiboliam,
2583 4440 2735 4496 quae
2777 4441 2810 4480 e
2853 4422 3053 4479 litera-

711 4543 843 4579 rum
906 4524 1037 4580 soni
1078 4519 1476 4580 similitudine
1534 4520 1742 4594 oritur,
1799 4541 1916 4577 non
1975 4521 2262 4596 admittit,
2308 4519 2620 4578 contendit
2660 4521 2849 4577 enim:
2901 4520 3052 4593 „etsi

712 4621 830 4678 iam
874 4620 1240 4679 Scholiastes
1283 4626 1346 4678 et
1389 4618 1609 4676 Suidas
1651 4638 1707 4676 v.
1753 4617 1854 4674 ἀπ’
1895 4619 2019 4674 ὄνου
2062 4623 2124 4676 et
2167 4618 2362 4696 ληρεῖς
2401 4617 2554 4676 hanc
2590 4607 3052 4694 ambiguitatem

712 4725 1192 4796 commemorant,
1251 4723 1452 4775 tamen
1508 4737 1543 4773 a
1596 4715 1914 4792 proverbio
1970 4735 2041 4774 ea
2082 4716 2276 4775 aliena
2317 4720 2427 4785 est,
2469 4715 2826 4792 praesertim
2867 4735 3050 4790 quum

712 4817 895 4875 etiam
950 4815 1177 4892 absque
1218 4816 1335 4873 isto
1377 4815 1516 4872 lusu
1556 4813 1899 4872 litterar-mn
1940 4812 2152 4872 eadem
2191 4813 2370 4872 huius
2411 4811 2718 4890 proverbii
2753 4813 3056 4872 sententia
