3478 5737
1475 584 1560 647 85

360 796 549 857 quem
595 780 734 843 iam
780 780 999 843 vident
1022 778 1071 856 1)
1118 779 1187 843 in
1237 778 1412 843 lecto
1444 779 1812 843 cubantem
1847 795 2188 857 quemque
2219 780 2441 843 sciant
2474 780 2692 843 filium

357 920 493 967 esse
562 907 748 967 senis
816 903 1161 983 loquentis
1228 908 1357 980 (vs,
1421 906 1462 967 8
1525 903 1776 967 ironice
1841 906 1920 967 ut
1987 906 2244 987 χρηστός
2290 903 2694 985 designatur

358 1032 612 1103 νεανίας,
677 1046 779 1093 vs.
846 1030 926 1092 14
990 1045 1136 1108 sqq.
1189 1029 1473 1093 vocatur
1518 1026 2090 1108 filinaiuxuriae
2137 1028 2457 1109 deditus),
2507 1046 2692 1093 nunc

352 1155 487 1218 alta
534 1170 701 1218 voce
736 1154 939 1219 audit
985 1156 1349 1217 somniare.
1422 1152 1606 1233 Quae
1656 1155 1852 1233 pater
1897 1154 2036 1217 iam
2086 1172 2187 1217 vs,
2241 1154 2322 1217 16
2356 1152 2693 1217 indicavit

352 1278 628 1342 dicendo
695 1276 1080 1360 ὀνειροπολεῖ
1140 1278 1204 1339 θ’
1265 1276 1523 1354 ἵππους,
1586 1280 1707 1356 ἐγὼ
1765 1278 1821 1339 δ’
1877 1277 2382 1360 ἀπόλλυμαι,
2449 1296 2552 1343 VS.
2601 1278 2687 1341 26

350 1402 593 1466 iterum
674 1402 791 1467 sed
872 1420 1055 1467 nunc
1129 1402 1385 1467 maiore
1464 1420 1617 1466 cum
1682 1403 1752 1466 vi
1814 1403 2118 1485 ipsisque
2181 1403 2690 1485 spectatoribus

352 1526 641 1592 testibus
710 1528 1161 1608 pronunciat:
1226 1526 1393 1591 τοῦτ’
1442 1527 1573 1591 ἔστι·
1616 1534 1788 1592 τουτὶ
1843 1534 1908 1592 τὸ
1959 1504 2174 1611 κακόν,
2223 1527 2254 1591 ὃ
2309 1530 2375 1609 μ’
2431 1528 2687 1591 ἀπολώ-

350 1651 541 1715 λέκεν·
584 1646 605 1735 s
652 1652 1035 1735 ὀνειροπολεῖ
1084 1658 1203 1735 γὰρ
1258 1658 1361 1715 καὶ
1418 1656 1742 1717 καθεύδων
1776 1656 2104 1731 (Comicus
2137 1660 2246 1720 eSb
2275 1656 2691 1735 πλεονασμός)

350 1779 626 1859 ἱππικήν.
721 1777 846 1858 Qui
920 1781 1120 1859 poeta
1188 1778 1309 1842 tali
1384 1778 1579 1843 modo
1650 1778 1998 1843 elaborare
2063 1780 2426 1843 materiam
2491 1797 2686 1843 suam

347 1900 671 1981 instituit,
734 1903 1011 1981 praebet
1072 1917 1145 1965 se
1205 1901 1858 1984 κωμῳδοῦιὸάσκαλον
1926 1919 2292 1982 rerumque
2355 1904 2686 1968 sca-enica-

348 2042 493 2089 rum
540 2026 867 2107 peritum.

428 2148 567 2212 Non
646 2148 871 2212 solum
942 2148 1009 2212 in
1085 2151 1629 2231 oppositionibus
1692 2150 1830 2215 illis
1889 2150 2174 2216 huiusce
2236 2151 2689 2231 expositionis

342 2273 445 2335 vis
489 2274 751 2337 comica
795 2275 904 2337 est
950 2275 1193 2354 posita,
1243 2274 1360 2339 sed
1410 2275 1619 2339 etiam
1669 2274 1736 2338 in
1791 2274 2276 2339 nonnullorum
2319 2275 2681 2339 verborum

342 2394 525 2460 lusu:
602 2414 705 2461 VS.
777 2398 861 2461 23
932 2401 1312 2475 κοππατίας,
1382 2416 1483 2462 VS.
1556 2400 1638 2462 28
1708 2400 2002 2481 δρόμους,
2070 2416 2172 2462 VS.
2245 2398 2328 2462 32
2400 2398 2686 2473 ἐξαλίσας

340 2520 647 2603 (ἐξήλικας
692 2540 795 2587 VS.
844 2524 972 2601 33),
1022 2541 1122 2588 VS.
1180 2524 1257 2587 12
1306 2524 1704 2605 δακνόμενος,
1757 2542 1856 2587 VS.
1904 2526 1986 2588 37
2037 2524 2266 2588 δάκνει.

424 2646 803 2712 Cuiusnam
870 2648 1118 2713 indolis
1164 2650 1257 2713 sit
1304 2649 1485 2713 filius
1530 2651 1862 2714 docentur
1907 2652 2332 2730 spectatores
2379 2666 2420 2713 a
2468 2654 2683 2731 patre,

341 2772 472 2852 qui,
511 2774 678 2836 dum
720 2772 901 2837 filius
932 2774 1365 2856 edolmoscit,
1399 2774 1617 2839 facete
1652 2779 1892 2839 narrat
1921 2778 2042 2852 (vs.
2077 2775 2154 2837 41
2181 2774 2361 2855 —55‚
2395 2774 2683 2849 60—74)

342 2899 578 2962 matris
644 2900 1113 2982 proprietam-33,
1163 2918 1333 2980 quas
1382 2901 1563 2964 filius
1610 2901 1806 2980 quasi
1858 2901 2240 2963 hereditate
2287 2900 2679 2979 acquisivit.

338 3021 649 3088 Paenitet
718 3027 982 3104 patrem
1054 3025 1230 3103 quod
1304 3024 1620 3104 Megaclis
1699 3025 1885 3089 illius
1933 3023 1980 3094 2)
2053 3027 2328 3104 neptem
2395 3041 2678 3087 uxorem

336 3147 551 3230 duxit,
615 3147 923 3211 omnium
987 3149 1171 3212 enim
1238 3148 1356 3212 filii
1423 3150 1751 3214 vitiorum
1800 3153 1907 3212 est
1954 3165 2177 3212 causa.
2253 3147 2676 3212 Rusticellus

338 3271 545 3348 igitur
602 3309 664 3316 —
724 3274 802 3336 ut
863 3277 971 3336 est
1032 3272 1448 3336 incultorum
1510 3310 1573 3317 -
1631 3290 1703 3336 sc
1767 3272 1853 3334 ab
1901 3271 2084 3335 omni
2135 3270 2334 3350 culpa
2385 3287 2673 3333 vacuum

335 3411 479 3458 esse
550 3396 686 3459 iam
760 3396 1033 3460 fabulae
1101 3397 1299 3461 initio
1369 3397 1839 3460 demonstrare
1907 3398 2215 3458 conatur.
2305 3393 2417 3458 Sic
2480 3398 2679 3474 poeta

337 3519 741 3584 concordare
811 3521 975 3584 fecit
1044 3521 1315 3585 fabulae
1383 3521 1659 3584 initium
1732 3537 1886 3583 cum
1959 3519 2108 3582 eius
2179 3519 2329 3600 fine,
2400 3519 2470 3582 in
2543 3536 2678 3598 qua

338 3642 616 3708 ridicule
686 3644 1167 3724 deceptionum
1239 3663 1519 3709 suarum
1586 3645 1857 3726 culpam
1921 3643 2186 3706 confert
2250 3642 2678 3722 Strepsiades

336 3765 402 3830 in
450 3766 826 3832 Socratem.

420 3891 657 3956 Denuo
706 3893 1029 3958 maximis
1075 3895 1143 3956 in
1192 3893 1413 3974 patris
1462 3892 1849 3956 narratione
1899 3908 2064 3954 usus
2101 3893 2210 3953 est
2249 3893 2447 3969 poeta
2477 3906 2674 3970 oppo-

333 4015 699 4080 sitionibus
741 4017 823 4080 ad
880 4017 1016 4080 vim
1066 4017 1395 4082 comicam
1438 4015 1900 4096 promendam.
1955 4014 2146 4078 Patri
2178 4013 2674 4078 iucundissima

332 4137 554 4203 fuerat
620 4141 765 4204 vita
830 4141 1196 4222 rusticana,
1258 4143 1546 4222 ἄγροικος
1608 4144 1744 4225 βίος
1789 4145 2124 4222 εὐρωτιῶν,
2172 4141 2495 4222 ἀκόρητος,
2541 4143 2670 4222 εἰκῇ

332 4266 619 4342 κείμενος.
691 4265 1038 4344 Quantum
1110 4265 1197 4328 ab
1245 4266 1390 4346 ipso
1437 4265 1737 4330 distabat·
1785 4267 2066 4345 urbana,
2115 4268 2323 4344 σεμνή,
2374 4277 2670 4344 τρυφῶσα

404 4455 451 4534 1)
532 4455 694 4516 Vide
737 4455 1157 4514 annotationes
1201 4454 1279 4513 ad
1320 4475 1407 4514 vs.
1452 4457 1491 4513 8
1534 4454 1612 4533 (p.
1657 4457 1735 4513 82
1779 4461 1950 4530 sqq.).

400 4552 451 4630 2)
536 4553 927 4626 Scholiastae,
1006 4552 1079 4610 G.
1150 4551 1515 4628 Hermann0‚
1588 4553 1951 4611 Leeuwenio
2023 4552 2472 4611 assentiendum
2535 4572 2668 4610 esse

332 4649 587 4710 arbitror
662 4649 853 4709 verba
921 4651 1323 4724 Μεγακλέους
1394 4683 1463 4692 -—-
1541 4656 1644 4706 τοῦ
1715 4648 2147 4723 Μεγακλέουςέ
2223 4685 2299 4692 —-
2353 4670 2388 4708 a
2441 4649 2666 4709 rustico

330 4753 737 4826 εἰρωνευομένῳ
779 4748 903 4807 dici
943 4747 1346 4808 censentibuS.
