3478 5737
1506 569 1591 632 87

376 768 573 845 poeta
636 768 900 845 patrem
961 780 1095 827 non
1143 736 1303 828 fecit
1352 764 1721 829 inventum
1770 765 2013 829 statim
2062 766 2547 847 explicantem.
2613 770 2724 834 Ita

372 890 553 954 enim
600 890 671 953 et
718 904 964 953 caveae
1008 888 1469 953 attentionem
1520 890 1756 953 movet
1803 890 1876 953 et
1919 890 2124 954 faceti
2175 890 2491 972 colloquii
2534 893 2717 959 inter

376 1014 583 1079 filium
633 1030 713 1078 ac
758 1016 1023 1095 patrem
1072 1012 1415 1079 inserendi
1467 1015 1673 1079 habet
1717 1014 2166 1080 occasionem.

458 1138 650 1203 Licet
708 1140 1135 1217 spectatores
1195 1141 1595 1219 exspectare
1654 1138 1926 1220 possint
1975 1143 2240 1220 patrem
2288 1158 2360 1205 se
2409 1141 2546 1207 filio
2593 1144 2720 1208 ira-

372 1266 519 1328 tum
581 1262 1078 1344 praebiturum,
1144 1266 1413 1343 praeter
1474 1278 1669 1345 spem
1716 1262 2118 1328 dulcissima
2163 1265 2384 1345 patris
2429 1268 2722 1333 audiunt

370 1388 598 1463 verba,
660 1404 747 1451 ex
809 1386 1058 1466 quibus
1118 1385 1387 1451 efficere
1434 1385 1616 1451 licet·
1645 1404 2051 1467 magnopere
2099 1388 2338 1453 rustici
2385 1390 2720 1458 interesse

370 1514 451 1576 ut
509 1511 575 1575 id
639 1510 817 1591 quod
874 1510 1047 1574 velit
1090 1512 1519 1589 assequatur.
1594 1509 1800 1574 Porro
1847 1514 1956 1575 est
2003 1512 2718 1598 animadvertendum,

366 1640 791 1716 quantopere
858 1632 1275 1714 Strepsiadis
1334 1650 1495 1713 erga
1542 1634 1761 1698 filium
1807 1635 2083 1699 animus
2129 1635 2200 1698 in
2248 1637 2384 1701 fine
2431 1639 2716 1707 huiusce

365 1758 843 1825 altercationis
924 1759 1019 1823 sit
1102 1758 1449 1822 mutatus!
1547 1758 1920 1837 Postquam
1995 1759 2441 1827 ψειῦιππίὸιον
2514 1782 2716 1829 suum

364 1882 619 1947 leniter
678 1899 757 1946 ac
816 1881 1163 1946 submissa
1228 1896 1391 1945 voce
1456 1881 1938 1963 oxlmrgefecit,
1986 1883 2272 1965 exponit
2317 1885 2525 1952 filiolo
2575 1906 2716 1970 pro-

362 2006 672 2087 positum
722 2022 927 2070 suum
975 2010 1103 2082 (vs.
1155 2005 1239 2067 86
1279 2008 1487 2085 sqq.):

631 2129 773 2193 ἀλλ’
821 2131 987 2211 εἴπερ
1033 2132 1096 2193 ἔκ
1149 2143 1254 2211 τῆς
1302 2130 1559 2211 καρδίας
1606 2130 1673 2209 μ’
1720 2128 1918 2203 ὅντως
1966 2129 2182 2210 φιλεῖς,

632 2252 683 2319 ὦ
732 2270 871 2333 παῖ,
918 2264 1115 2319 πιθοῦ
1162 2280 1287 2335 μοι.

366 2380 563 2445 Phid.
1148 2384 1205 2443 τί
1252 2382 1315 2443 δι’·
1340 2378 1391 2459 1)
1438 2382 1727 2459 πίθωμαι
1775 2378 1935 2461 δῆτά
1983 2400 2118 2454 σοις

362 2498 625 2579 ὃὺῐθρὸ.
718 2497 1055 2581 ’ἐκστρθψον
1106 2503 1189 2571 ὡς
1238 2500 1497 2582 τάχιστα
1546 2501 1690 2569 τοὺς
1737 2511 1974 2560 σαυτοῦ
2023 2498 2292 2577 τρόπους

724 2629 828 2685 καὶ
874 2620 1157 2705 μάνθαν’
1202 2622 1407 2687 ἐλθὼν
1456 2628 1497 2686 ἃ
1543 2624 1621 2687 ἂν
1671 2626 1792 2701 ἶγὼ
1844 2624 2217 2705 παραινέσω.

457 2746 865 2830 ‚‚Videsne'’‚
916 2753 1107 2830 rogat
1152 2750 1395 2814 deinde
1444 2753 1658 2831 pater,
1712 2748 2072 2833 „ostiolum
2124 2748 2291 2811 illud
2331 2750 2398 2811 et
2435 2746 2712 2811 domun·

358 2873 589 2937 culam
609 2871 683 2938 ?”
748 2912 809 2920 —
874 2875 1151 2958 „Video‚
1199 2877 1275 2940 at
1323 2875 1484 2955 quid
1534 2878 1643 2938 est
1688 2873 1981 2954 pater?''

450 2997 846 3079 Respondet
892 2997 1355 3080 Stre-psiades:

724 3137 947 3208 ψυχῶν
995 3139 1206 3206 σοφῶν
1257 3123 1427 3189 τοῦτ’
1476 3127 1599 3188 ἐστὶ
1650 3126 2148 3204 φροντιστήριον.

450 3243 843 3310 Mirandum
927 3255 1034 3313 est
1100 3265 1267 3312 sano
1336 3248 1551 3312 filiurn
1622 3245 1937 3310 adultum
2013 3245 2275 3309 vicinos
2344 3261 2505 3308 suos
2574 3261 2708 3308 non

354 3369 657 3434 novisse.
750 3370 933 3436 Num
1025 3373 1358 3436 habemus
1448 3371 1742 3452 duplicis
1832 3367 2250 3434 recensionis
2327 3367 2710 3431 indicium?

358 3491 547 3556 Cave
593 3493 851 3560 credas,
938 3495 1017 3558 In
1063 3497 1338 3561 theatro
1388 3495 1607 3559 multa
1650 3495 1894 3558 demus
1941 3498 2203 3574 poetae,
2253 3509 2533 3556 necesse
2579 3495 2706 3570 est,

357 3619 764 3696 praesertim
802 3618 881 3701 si,
924 3630 1002 3683 ut
1036 3619 1159 3684 hoc
1191 3618 1355 3700 loco,
1389 3620 1487 3682 rei
1520 3617 1783 3697 locique
1815 3617 2118 3682 condicio
2151 3620 2261 3680 est
2285 3617 2706 3698 exponenda,

354 3740 599 3820 itaque
666 3743 727 3806 si
798 3741 1065 3822 proprie
1128 3760 1263 3807 non
1327 3743 1663 3808 dramatis
1727 3759 2054 3823 personae
2117 3739 2232 3804 sed
2283 3742 2709 3819 spectatores

352 3867 528 3926 sunt
593 3863 897 3928 docendi.
978 3865 1169 3928 Patri
1215 3865 1401 3929 enirn
1450 3864 1757 3944 roganti:
1813 3863 2134 3946 „videsne
2185 3861 2576 3948 τῴκι’διοιιὲ”’
2648 3865 2703 3928 si

352 3987 827 4068 respondisset
896 3989 1110 4052 filius:
1187 3989 1365 4072 „scio
1426 3989 1588 4068 quid
1654 3989 1767 4068 sit,
1828 3987 2217 4052 animarum
2283 3989 2704 4070 sapientium

349 4115 467 4176 ost
527 4113 1067 4195 ‹pqovrmtrquvj'
1130 4115 1276 4176 tum
1328 4129 1717 4176 careremus
1762 4111 2060 4176 absurda¹
2106 4111 2391 4191 ideoque
2441 4112 2702 4177 comica

346 4235 916 4317 philosophorum
964 4235 1559 4301 commendatione
1607 4253 1743 4314 qua
1789 4238 1988 4316 pater
2020 4235 2264 4298 utitur.
2317 4235 2487 4318 „Hic
2523 4236 2702 4299 habi-

345 4362 511 4424 tant
554 4358 750 4434 viri,”
797 4360 1045 4441 inquit,
1087 4359 1241 4443 „qui
1274 4358 1446 4422 alios
1476 4359 1558 4422 ad
1596 4357 2012 4422 credendum
2044 4356 2398 4438 inducunt,
2433 4357 2698 4422 coelum

434 4553 490 4626 1)
542 4548 719 4614 πιθοῦ
775 4571 889 4628 laos.
945 4585 1019 4594 ———
1067 4555 1123 4607 ri
1166 4552 1250 4608 δὲ.
1295 4550 1395 4608 Ita
1438 4527 1615 4607 GJF.
1658 4549 2073 4621 Her-mannus;
2119 4548 2336 4623 vulgo:
2381 4546 2579 4612 πιθοῦ.
2627 4583 2700 4590 ——

352 4655 412 4706 τί
482 4647 595 4706 οὖν.
660 4649 769 4706 R:
834 4647 1015 4712 πιθοῦ
1071 4667 1185 4724 μοι.
1248 4681 1321 4690 —-
1387 4651 1443 4704 ri
1507 4645 1623 4704 οὖν.
1681 4647 1790 4705 V.:
1850 4643 2157 4723 πιθοῡμαιι.
2219 4681 2292 4688 -
2340 4651 2396 4702 τὶ
2442 4644 2557 4703 οὖν.
2607 4643 2699 4704 Of.

350 4745 641 4807 Teuffelii
685 4745 829 4805 edit,
872 4747 977 4806 lat.
1021 4744 1099 4805 ad
1140 4765 1231 4804 vs,
1274 4746 1369 4804 87.
