3478 5737
1853 570 1938 632 66

728 769 1013 848 culpam,
1084 766 1333 848 quippe
1405 765 1520 845 qui
1588 781 1802 846 prava
1865 782 1992 827 sua
2053 764 2338 827 consilia
2397 763 2732 845 supplicio
2795 763 3074 845 expiare

728 891 1027 957 deberet.
1076 890 1267 955 Licet
1311 890 1385 954 in
1431 889 1633 953 Parte
1682 888 1747 952 II
1794 887 2016 953 acturi
2057 888 2278 952 simus
2309 888 2391 951 de
2421 887 2786 969 erroribuS,
2825 886 3075 967 quibus

730 1016 1157 1097 Strepsiades
1217 1019 1325 1080 est
1386 1014 1780 1095 obstrictuS,
1842 1013 1980 1077 iam
2045 1012 2153 1077 hic
2206 1015 2315 1076 est
2358 1011 3070 1094 animadvertendum,

731 1144 1026 1222 poetam,
1075 1144 1155 1205 ut
1200 1140 1538 1203 rusticum
1587 1136 1831 1219 gaudio
1870 1136 2080 1201 faciat
2116 1136 2612 1219 exsultantem,
2655 1140 2760 1201 τὸν
2788 1134 3070 1201 ’Ἀδικον

731 1266 975 1329 fecisse
1024 1264 1433 1329 vincentem.

820 1390 1075 1455 Deinde
1136 1406 1223 1453 ex
1286 1404 1364 1453 eo
1426 1388 1595 1469 ipso,
1660 1386 1835 1467 quod
1899 1402 2136 1451 earum
2184 1402 2436 1468 rerum,
2486 1402 2658 1465 quas
2705 1386 3077 1452 Teuffelius

729 1514 1113 1595 exspectari
1198 1531 1240 1577 a
1316 1514 1563 1593 quovis
1638 1510 2014 1589 contendit,
2093 1511 2438 1574 contraria
2514 1510 2658 1575 fleri
2737 1511 3072 1591 videmuS,

728 1643 1012 1721 apparet
1070 1674 1151 1683 —-
1216 1637 1497 1719 proinde
1558 1640 1767 1716 atque
1830 1652 1916 1699 ex
1982 1634 2226 1699 Kockii
2288 1633 2630 1715 scrupulis
2673 1638 2842 1717 (cap.
2890 1636 2990 1699 ΙΙΙ
3037 1641 3076 1713 5

732 1764 797 1839 3)
859 1800 919 1807 —
979 1766 1217 1843 poetae
1287 1761 1646 1827 consilium
1716 1779 1848 1825 non
1919 1758 2151 1840 fuisse,
2222 1763 2302 1823 ut
2361 1762 2392 1822 ὁ
2458 1759 2730 1833 ’Ἀδικος
2791 1760 3081 1825 referret

733 1876 1089 1952 Socratem
1150 1887 1597 1967 ipsissimum,
1668 1902 1794 1949 nec
1865 1882 2104 1963 magia
2168 1885 2246 1946 ut
2293 1882 2733 1965 Phidippides
2778 1884 3078 1949 credere·

734 2013 849 2073 tur
916 2010 1025 2073 τὸν
1094 2009 1259 2094 ἣττω
1317 2012 1599 2074 tantum
1658 2007 1916 2072 discere
1979 2005 2166 2085 λόγον
2233 2007 2340 2087 (cf.
2397 2024 2496 2071 vs.
2553 2008 2768 2087 1336).
2842 2009 3080 2089 Neque

736 2150 897 2198 vero
957 2172 1019 2179 —
1077 2135 1255 2213 quod
1318 2137 1555 2215 postea
1614 2131 2002 2197 accuratius
2063 2133 2365 2195 tractare
2427 2132 2496 2195 in
2557 2134 2789 2196 animo
2837 2136 2946 2197 est
3003 2168 3066 2176 —

734 2260 1047 2339 equidem
1135 2259 1351 2341 vide0,
1440 2276 1561 2322 cur
1645 2256 1842 2321 nobis
1922 2255 2154 2319 animo
2215 2256 2467 2335 fingere
2537 2272 2674 2320 non
2736 2256 3083 2337 possimus

739 2383 1234 2463 Phidippidem,
1319 2382 1429 2446 cui
1514 2382 1700 2462 optio
1779 2383 1884 2445 est
1964 2379 2146 2461 data,
2232 2396 2357 2443 suo
2434 2379 2566 2444 sibi
2636 2380 2886 2445 iudicio
2953 2381 3082 2461 uti,

738 2506 1309 2587 quemadmodum
1412 2504 1913 2587 spectatoribus
2012 2503 2440 2585 sapientibus
2539 2504 2608 2568 in
2702 2505 3084 2569 certamine

738 2632 1101 2697 iudicando
1181 2632 1393 2694 libera
1467 2633 1575 2695 est
1648 2629 1975 2694 voluntas
2049 2628 2480 2708 liberumque
2539 2628 2906 2693 arbitrium
2971 2628 3082 2709 (cf.

738 2772 881 2835 cap.
945 2755 1012 2819 II
1074 2758 1110 2831 ἓ
1168 2755 1204 2817 7
1253 2754 1326 2817 in
1374 2754 1552 2829 fine).
1624 2753 1819 2817 Licet
1867 2756 2062 2834 pater
2110 2752 2440 2816 nimirum
2489 2769 2642 2817 eam
2690 2751 3084 2819 libertatem

740 2880 877 2944 filio
946 2879 1223 2944 concedi
1294 2879 1411 2943 vix
1474 2879 1800 2960 patiatur,
1862 2882 2098 2942 tamen
2161 2876 2259 2940 nil
2325 2877 2713 2942 mirandum
2779 2879 2837 2943 si
2900 2878 3087 2942 filius

742 3004 939 3068 malit
1005 3021 1047 3068 a
1116 3002 1391 3068 Socrate
1462 3006 1830 3082 utrumque
1892 3002 2112 3066 doceri
2176 3000 2364 3080 λόγον
2426 3003 2536 3080 (cf.
2601 3021 2741 3068 VSS.
2795 3003 2964 3066 1336
3013 3006 3088 3066 et

745 3128 957 3206 1467).
1052 3126 1281 3191 Credit
1350 3130 1541 3206 pater
1614 3125 1964 3190 Socratem
2034 3139 2121 3209 τῷ
2193 3125 2449 3207 ’Λδίκῳ
2515 3130 2798 3191 tantum
2863 3126 3082 3190 filium

740 3249 1120 3314 docendum
1167 3265 1315 3312 esse
1362 3251 1759 3312 curaturum
1807 3250 1915 3325 (cf.
1963 3267 2066 3313 vs.
2119 3250 2289 3314 1338
2337 3253 2464 3329 sq.)
2503 3286 2563 3294 —
2600 3266 2808 3328 quam
2841 3247 3086 3312 rustici

741 3372 1130 3454 opinionem
1192 3374 1272 3434 ut
1335 3371 1657 3436 Socrates.
1708 3372 2069 3436 confirmet
2124 3376 2249 3452 (VS.
2304 3374 2498 3448 1111)
2544 3373 2766 3437 totius
2811 3371 3088 3436 fabulae

744 3495 1106 3560 consilium
1175 3495 1439 3574 flagitat
1506 3497 1612 3576 (cf.
1678 3495 1862 3560 Part.
1927 3496 1991 3560 ΙΙ
2053 3514 2106 3560 c.
2176 3497 2207 3560 Ι
2255 3501 2290 3574 g
2343 3497 2402 3574 1)
2465 3518 2556 3578 ——3
2606 3513 2849 3561 verum
2897 3496 3084 3560 enim

746 3637 909 3684 vero
967 3623 1384 3701 spectatores
1430 3619 1792 3684 credidisse
1839 3621 1904 3684 id
1954 3638 2194 3685 revera
2239 3621 2404 3702 fieri,
2455 3621 2743 3685 minime
2789 3623 3084 3684 constat.

840 3744 1023 3824 Quae
1074 3760 1268 3823 porro
1316 3743 1671 3807 offendunt
1704 3745 2128 3826 Teuffelium,
2164 3763 2257 3810 sc.
2291 3749 2447 3828 post
2479 3763 2581 3810 VS.
2620 3747 2790 3812 1105
2817 3745 3088 3810 nullum

748 3867 1047 3947 amplius
1092 3883 1471 3930 sermonem
1521 3884 1669 3931 esse
1717 3869 1798 3933 de
1845 3869 2108 3934 duobus
2155 3869 2381 3950 λόγοις,
2433 3869 2548 3934 sed
2600 3871 2801 3934 unice
2847 3869 2952 3948 agi
3003 3867 3090 3932 de

750 3989 1051 4053 Socratis
1116 3989 1576 4070 institutione,
1638 4028 1699 4037 —-
1755 4009 1837 4056 ea
1897 3993 2224 4059 nimirum
2272 3993 2649 4059 ostendunt
2695 3990 3090 4072 Phidippidi

751 4112 1090 4192 specimen
1144 4115 1417 4175 tantum
1464 4113 1949 4193 disputationis
1991 4135 2034 4180 a
2079 4118 2358 4183 Socrate
2405 4133 2556 4181 esse
2604 4116 2936 4181 oblatum.

842 4363 878 4433 g
924 4359 987 4420 8.
1080 4357 1177 4422 De
1244 4357 1585 4422 industria
1653 4361 2036 4426 Gonomm
2104 4363 2482 4428 HERMANNI
2551 4365 2881 4430 iudicium
2943 4364 3096 4428 fere

754 4480 1075 4544 ultimum
1125 4481 1501 4563 referimus,
1550 4486 1630 4547 ut
1677 4486 1892 4565 magis
1926 4492 2275 4571 appareat,
2309 4493 2734 4571 quantopere
2766 4487 3097 4570 posterio-

754 4621 865 4668 res
926 4605 1204 4686 sensim,
1268 4642 1349 4650 —-
1406 4606 1729 4672 nimirum
1779 4610 2067 4690 duplicis
2098 4613 2513 4678 recensionis
2559 4611 3096 4692 investigandae

730 4744 983 4807 causa,
1050 4765 1105 4772 -
1162 4745 1203 4791 a
1260 4745 1425 4792 sana
1486 4731 1750 4796 ratione
1811 4735 2285 4801 aberraverint
2345 4742 2418 4801 et
2465 4741 2747 4818 propter
2796 4735 3091 4801 nimiam
