3478 5737
1825 598 1950 661 142

715 798 794 858 ut
860 794 941 859 de
1005 794 1119 857 via
1180 793 1385 858 solita
1445 791 1803 857 deflectere
1865 791 2289 873 institueret,
2351 792 2455 855 sol
2514 794 2772 871 autern,
2831 790 2917 854 ad
2990 806 3063 853 se

714 917 1056 999 ellychnio
1119 920 1435 996 retracto,
1500 916 1849 980 obstinate
1909 916 2258 979 recusavit
2303 932 2389 981 ne
2434 914 2734 995 amplius
2779 914 3063 995 luceret,

714 1044 772 1106 si
844 1041 1048 1105 Cleon
1120 1041 1499 1121 elegeretur
1568 1040 1979 1119 strategus.”
2061 1038 2262 1102 Ἀλλ’
2333 1038 2499 1119 ὅμως
2543 1038 2775 1102 εἵλεσθε
2823 1051 3066 1115 τοῦτον,

715 1165 902 1229 addit
950 1164 1231 1228 Chorus.

806 1288 941 1353 Fac
1014 1305 1256 1353 revera
1332 1288 1403 1351 et
1480 1288 1681 1352 lunae
1751 1288 1822 1351 et
1891 1287 2057 1352 solis
2125 1289 2542 1354 defectiones
2610 1288 2727 1352 illo
2799 1287 3070 1351 Cleonis

717 1412 1073 1478 electionis
1119 1412 1227 1477 die
1274 1413 1607 1492 evenisse,
1656 1412 2111 1491 omnibusque
2148 1413 2576 1479 auditoribus
2613 1413 2827 1477 fuisse
2859 1412 3066 1477 notis·

721 1538 973 1601 simum
1056 1554 1135 1601 eo
1211 1537 1338 1617 die,
1418 1536 1579 1601 licet
1653 1536 1975 1617 διοσημεία
2057 1537 2570 1617 intervenisset,
2643 1537 3064 1617 concionem,

722 1662 791 1724 in
860 1678 996 1739 qua
1062 1660 1325 1725 electus
1393 1664 1501 1724 est
1571 1660 1797 1741 Cleon,
1871 1678 2004 1726 nou
2077 1678 2228 1725 esse
2296 1661 2672 1739 dimissam,
2757 1698 2828 1707 —-
2897 1678 3062 1724 num

722 1784 942 1849 credis
1010 1786 1080 1849 in
1146 1754 1517 1849 cachinnos
1575 1785 1883 1865 erupisse
1945 1803 2249 1867 caveam,
2315 1804 2472 1851 cum
2534 1786 2654 1849 illa
2714 1788 2967 1849 eventa
3027 1802 3070 1849 a

724 1908 944 1973 Choro
993 1908 1059 1971 in
1112 1909 1513 1973 memoriam
1562 1912 2098 1975 revocarentur?
2169 1910 2412 1975 Nonne
2463 1909 2906 1975 verisimilius
2943 1909 3070 1973 tibi

723 2032 998 2098 videtur
1056 2034 1554 2097 absurdissima
1615 2034 1972 2099 mendacia
2033 2035 2306 2100 facilius
2365 2035 2434 2099 in
2483 2036 2758 2099 theatro
2806 2032 3070 2099 cachin-

726 2174 851 2221 nos
920 2173 1195 2221 movere
1266 2173 1462 2238 posse
1532 2174 1738 2237 quarn
1808 2175 2128 2224 verorum
2199 2162 2576 2223 eventuum
2649 2157 3070 2222 relationes?

730 2282 873 2362 Quo
988 2282 1203 2361 magis
1310 2298 1456 2345 rem
1570 2282 1874 2361 aliquam
1987 2283 2377 2365 exornabiS,
2492 2300 2571 2347 eo
2688 2282 3072 2346 evidentior

730 2423 944 2485 eoque
1005 2407 1299 2470 facetius
1360 2406 1519 2471 ficta
1578 2406 1779 2471 nobis
1841 2407 2186 2473 videbitur
2246 2408 2604 2490 oppositio,
2665 2423 2840 2487 quae
2893 2407 3076 2470 inter

731 2532 953 2611 ipsam
1016 2531 1407 2613 veritatem,
1456 2532 1776 2597 omuibus
1821 2532 2277 2613 notissimam,
2323 2537 2532 2612 atque
2579 2532 3074 2596 ementientem

731 2654 1111 2719 intercedat
1192 2655 1784 2735 superiectionem.
1892 2655 2036 2736 Quo
2117 2655 2520 2721 absurdiora
2602 2654 3077 2736 ineptioraque

734 2782 899 2842 sunt
943 2777 1314 2861 mendacia,
1363 2795 1537 2857 quae
1585 2796 1877 2861 promes,
1926 2796 2005 2843 eo
2054 2778 2324 2843 facilius
2369 2778 2722 2844 auditores
2753 2778 3076 2841 ridebunt

732 2903 841 2980 (cf.
904 2903 1106 2982 legati
1171 2919 1361 2968 mera
1424 2904 1780 2968 mendacia
1840 2904 1910 2968 in
1977 2905 2270 2968 Acharn.
2347 2921 2445 2967 vs.
2483 2904 2570 2967 80
2617 2921 2786 2986 sqq.,
2835 2902 3078 2966 ianito-

734 3028 963 3106 risque
1010 3027 1441 3092 narrationes
1486 3028 1557 3091 in
1604 3027 1839 3092 fabula
1884 3031 2164 3104 nostra).

825 3150 1063 3214 Oleum
1134 3154 1206 3215 et
1274 3168 1543 3232 operam
1611 3151 1983 3233 perdidisse
2045 3153 2336 3217 dixerim
2400 3169 2517 3216 eos
2579 3151 2764 3215 viros
2820 3151 3075 3228 doctOS,

738 3276 855 3354 qui
916 3277 1231 3338 accurate
1292 3275 1637 3354 inquirere
1697 3275 2160 3340 instituerunt
2220 3277 2291 3339 in
2337 3275 2493 3340 illas
2539 3275 2741 3340 lunae
2786 3292 2867 3338 66
2913 3273 3082 3338 solis

737 3399 1169 3462 defectiones.
1240 3399 1339 3463 Cf.
1406 3398 1681 3469 Teuffel.
1749 3400 1830 3464 ad
1896 3417 1998 3463 vs.
2061 3401 2225 3464 584:
2296 3398 2638 3482 „Duorum
2685 3398 3078 3462 defectuum

740 3523 945 3587 lunae
1005 3539 1084 3586 ac
1145 3522 1309 3586 solis
1372 3523 1487 3602 qui
1546 3541 1667 3602 per
1727 3525 1853 3588 hoc
1913 3525 2191 3606 tempus
2235 3540 2525 3588 evenere
2574 3524 2638 3599 (9
2684 3524 2902 3587 octob.
2949 3523 3080 3585 4223

740 3666 821 3712 ac
869 3649 953 3711 20
1002 3650 1203 3712 mart.
1253 3649 1405 3722 424)
1453 3653 1696 3712 neuter
1743 3649 1928 3714 cadit
1973 3649 2043 3712 in
2095 3649 2365 3714 Cleonis
2409 3648 2850 3728 electionem
2903 3665 2964 3711 v.
3011 3645 3082 3712 C.

742 3772 1043 3854 Redlich,
1092 3773 1173 3837 de
1224 3773 1494 3838 Metone
1540 3774 1762 3854 (1854)
1811 3793 1873 3855 p.
1913 3775 1998 3838 58
2031 3774 2218 3853 sqq.”
2246 3773 2686 3848 ,Prudentius
2719 3772 3086 3852 Berglerus

741 3898 825 3962 ad
873 3915 971 3961 vs.
1018 3898 1183 3962 582:
1239 3897 1573 3981 „Videtur
1619 3901 2003 3980 tempestas
2049 3898 2165 3963 illo
2209 3899 2336 3980 die,
2377 3914 2510 3978 quo
2552 3897 2757 3963 Cleon
2797 3897 2939 3961 dux
2975 3902 3086 3960 est

742 4021 989 4101 factuS,
1052 4027 1205 4085 orta
1262 4037 1434 4102 esse,
1500 4039 1673 4100 quae
1729 4023 1802 4086 in
1851 4027 2120 4088 noctem
2171 4023 2546 4104 duraverit,
2599 4026 2676 4087 ut
2721 4038 2846 4086 nec
2892 4021 3088 4085 Luna

742 4163 867 4210 nec
938 4143 1052 4208 Sol
1123 4146 1338 4210 videri
1410 4147 1728 4226 potuerit.
1833 4147 2072 4226 Itaque
2141 4148 2208 4210 in
2282 4147 2732 4227 sequentibus
2798 4162 2934 4209 non
3002 4143 3089 4208 de

742 4269 975 4351 eclipsi
1042 4270 1272 4334 Lunae
1334 4273 1407 4333 et
1468 4269 1647 4334 Solis
1708 4271 2048 4351 loquitur3
2113 4288 2269 4336 nam
2320 4274 2476 4352 post
2507 4271 2756 4334 Lunae
2801 4268 3088 4349 eclipsin

744 4411 881 4458 non
946 4397 1175 4475 potest
1237 4394 1380 4458 fieri
1440 4395 1681 4458 statim
1730 4395 1898 4459 solis
1943 4395 2236 4477 eclipsiS,
2284 4412 2408 4458 nec
2457 4395 2604 4458 vice
2655 4394 2914 4458 versa.”
2985 4393 3088 4456 Ex

750 4535 901 4582 inea
960 4521 1197 4582 autem
1262 4519 1580 4598 opinione
1644 4519 2007 4598 Berglerus
2071 4535 2338 4598 quoque
2386 4519 2609 4583 locum
2658 4517 2866 4581 nimis
2911 4517 3094 4582 serio

745 4641 1027 4723 accepit.

847 4773 1009 4829 Φασὶ
1078 4773 1197 4848 γὰρ
1267 4767 1647 4852 δυσβουλίαν
1720 4805 1780 4812 —-
1851 4768 1948 4831 Sic
2013 4769 2234 4848 pergit}
2297 4768 2579 4849 Chorus,
2649 4786 2744 4830 VS·
2809 4767 2934 4829 587
3007 4803 3088 4812 —
3169 4815 3176 4820 -
