3478 5737
1880 578 1964 641 54

752 788 959 835 causa
1020 770 1275 834 referre
1337 771 1549 852 cupiS,
1611 776 1882 852 praeter
1945 772 2434 837 necessitatem
2497 772 2900 837 intricatum
2967 772 3094 837 tibi

751 893 977 959 reddis
1043 893 1291 975 locum,
1362 894 1477 973 qui
1551 898 1628 958 ut
1692 895 2008 976 vidimus,
2076 900 2288 976 utque
2351 896 2421 960 in
2470 898 2746 961 theatro
2797 898 3092 977 oportet,

756 1017 1125 1083 facillimus
1171 1018 1279 1081 est
1324 1017 1706 1083 intellectu.
1734 1018 1786 1095 1)

846 1148 883 1221 g
932 1143 992 1205 7.
1087 1141 1231 1205 Iam
1294 1144 1401 1205 est
1464 1142 1858 1225 videndum,
1923 1144 2174 1223 quibus
2230 1144 2661 1225 argumentis
2707 1143 3100 1209 Dissolutus

758 1272 995 1333 utatur
1038 1267 1121 1331 ad
1171 1266 1572 1348 δικαιοσύνην
1620 1267 1842 1349 ipsam
1891 1268 2350 1333 refutandam.
2399 1268 2723 1334 Divinam
2753 1267 3098 1333 iustitiam

756 1392 1130 1456 secundum
1178 1395 1286 1455 τὸν
1340 1392 1617 1455 ”Atium
1668 1392 1804 1455 non
1851 1396 2126 1456 exstare
2175 1393 2314 1457 iam
2361 1392 2984 1457 animadvertimus
3011 1392 3096 1455 ad

759 1534 858 1579 vs.
889 1516 1017 1579 904
1051 1517 1142 1592 (h.
1174 1534 1229 1580 6.
1264 1521 1299 1593 5
1336 1516 1416 1593 1).
1461 1515 1583 1580 Vs.
1620 1516 1750 1580 920
1783 1516 2138 1581 contendit
2161 1516 2506 1581 iustitiam
2532 1516 2926 1598 paupertati
2949 1532 3104 1579 esse

759 1640 1125 1705 obnoxiam
1174 1644 1453 1725 (αὐχμεῖς
1498 1643 1813 1726 αἰσχρῶς).
1870 1639 1993 1703 Vs.
2044 1640 2196 1721 929,
2244 1640 2372 1704 935
2422 1640 2764 1705 iustitiam
2813 1638 3104 1705 obsoleti

761 1768 910 1828 esse
972 1764 1230 1843 aliquid
1276 1782 1355 1830 ac
1403 1765 1608 1847 prisci
1658 1763 1885 1839 moriS,
1931 1763 2352 1828 iniustitiam
2398 1768 2634 1829 autem
2682 1764 2844 1828 novi
2891 1763 3108 1827 moris

762 1905 911 1953 esse
979 1890 1217 1953 censet
1285 1894 1413 1967 (vs.
1484 1890 1635 1971 936,
1705 1889 1856 1969 943,
1924 1887 2075 1969 984,
2147 1888 2360 1969 1000),
2425 1888 2523 1952 sic
2585 1887 2818 1969 populi
2880 1904 3110 1953 mores

763 2012 1076 2077 nesciens
1118 2030 1200 2077 ac
1244 2013 1511 2077 invitus
1556 2012 2047 2095 perstringens.
2097 2012 2406 2094 Apparet
2451 2012 2664 2093 igitur
2699 2014 3110 2093 argumenta

764 2140 993 2201 contra
1014 2138 1345 2203 iustitiam
1376 2138 1519 2202 fere
1552 2137 1814 2202 nullius
1844 2152 1993 2200 esse
2027 2136 2250 2216 pretii.
2285 2136 2497 2201 Poeta
2528 2138 2676 2201 sine
2709 2136 2914 2200 dubio
2947 2136 3112 2201 data

764 2278 986 2342 opera,
1026 2261 1315 2327 iustitiae
1348 2280 1571 2327 amore
1600 2262 1857 2341 cluet-us,
1892 2260 2294 2345 δικαιοσύνην
2327 2259 2550 2343 ipsam
2581 2261 2724 2325 fere
2771 2260 3108 2325 intactam

768 2385 1069 2466 reliquit.
1132 2385 1457 2467 Disputat
1504 2389 1794 2465 uterque
1839 2388 2056 2465 Λόγος
2087 2386 2492 2468 praesertim
2526 2386 2608 2449 de
2640 2388 3030 2469 σωφροσύνῃ,
3053 2382 3113 2459 2)

846 2598 894 2675 1)
952 2597 1155 2655 Etiam
1199 2596 1529 2655 secundum
1570 2596 1946 2656 Brunckium
1989 2597 2177 2657 verba
2219 2596 2492 2674 δέξασθέ
2533 2617 2642 2674 μου
2687 2596 2996 2675 θοιμάτιον
3037 2616 3114 2655 60

770 2700 1064 2773 spectant.
1123 2694 1285 2769 quod
1340 2694 1533 2753 nudos
1590 2695 1837 2753 introire
1894 2695 1971 2754 ad
2028 2696 2334 2755 Socratem
2389 2694 2707 2772 oportebat
2762 2694 3114 2771 discipulos.

771 2792 968 2866 Quam
1020 2792 1357 2870 opinionem
1402 2812 1433 2851 e
1476 2792 1657 2851 nimis
1697 2794 1854 2851 seria
1894 2813 1980 2852 vs.
2023 2795 2142 2851 498
2188 2794 2680 2872 interpretatione
2723 2812 2856 2852 esse
2899 2798 3114 2854 ortam.

772 2893 835 2950 in
907 2891 1091 2950 Parte
1167 2892 1359 2950 altera
1443 2890 1793 2950 conabimur
1880 2892 2214 2952 ostendere.
2326 2891 2691 2951 Scholiastes
2779 2891 2932 2950 dicit
3011 2893 3116 2948 τὸν

777 2995 1019 3058 Δίκαιον
1074 2994 1307 3048 vestem
1364 2989 1619 3064 tradere,
1678 3009 1753 3048 ne
1809 2990 1872 3048 in
1933 2988 2224 3049 currendo
2270 2987 2634 3066 impediatur
2679 2986 2810 3070 (ἵνα
2853 2989 3120 3067 εὐχερῶς

774 3089 1157 3164 αὐτομολὴσῃ
1220 3089 1357 3163 πρὸς
1418 3083 1691 3167 αὐτούς).
1757 3087 1948 3146 Recte
2011 3091 2214 3146 autem
2278 3085 2561 3145 observat
2621 3088 3008 3146 Burmannus
3053 3087 3114 3144 in

774 3187 954 3262 Vesp.
1014 3205 1101 3244 vs,
1155 3185 1271 3242 406
1328 3183 1482 3260 legi:
1541 3189 1705 3241 ἀλλὰ
1750 3183 2036 3260 θοίμάτια
2081 3186 2374 3252 λαβόντες
2417 3188 2491 3249 ὡς
2535 3189 2838 3262 τάχιστοι,
2884 3186 3113 3250 παιδία,

774 3283 964 3348 θεῖτε.
1027 3281 1301 3340 Kockius
1344 3287 1567 3356 contra,
1612 3282 1847 3340 collatis
1887 3283 2032 3341 Hor.
2079 3283 2274 3341 Carni.
2319 3283 2375 3340 3.
2423 3283 2514 3356 16,
2559 3283 2636 3340 22
2680 3287 2743 3340 et
2783 3283 2931 3340 Luc.
2961 3283 3118 3341 Her-

778 3385 917 3440 mot.
976 3381 1071 3456 23,
1114 3379 1383 3438 scholion
1422 3380 1713 3456 sequitur.
1777 3380 2178 3439 Leeuwenius
2219 3381 2402 3438 etiam
2446 3379 2671 3440 idcirco
2713 3379 2956 3440 Iustum
2997 3400 3118 3438 non

777 3479 855 3538 ad
896 3483 1264 3556 spectatores
1305 3477 1653 3553 transsilire,
1696 3477 1808 3536 sed
1841 3477 2104 3536 scholam
2141 3478 2366 3536 intrare
2395 3477 2632 3555 accipit,
2669 3476 2832 3552 quod
2861 3475 3117 3536 verbum

778 3575 1080 3654 δέχεσθαι
1140 3595 1294 3650 „non
1349 3581 1444 3634 est
1497 3575 1795 3634 abicienlis
1850 3595 2004 3649 quae
2057 3575 2310 3634 molesta
2363 3581 2522 3651 sunt,
2581 3575 2691 3634 sed
2733 3575 2940 3634 dorium·
2979 3575 3118 3648 offe-

781 3673 1016 3733 re-ntis.”
1095 3671 1517 3732 Dubitaverim
1573 3678 1792 3748 autem,
1852 3693 1928 3730 an
1981 3671 2151 3732 verbi
2207 3672 2371 3731 notio
2413 3673 2496 3730 sit
2538 3673 2807 3750 amplior.
2873 3673 3120 3731 Dicitur

780 3773 969 3830 enim:
1014 3769 1317 3848 δέχεσθαι
1362 3773 1561 3845 κόλπῳ
1600 3771 1695 3844 (Il.
1724 3770 1836 3846 VI,
1867 3771 2026 3847 483),
2057 3773 2110 3827 δ.
2144 3773 2528 3846 νοστήσαντα
2558 3774 2619 3828 έν
2647 3775 2996 3849 μεγάροισιν
3017 3771 3117 3848 (ΙΙ.

779 3867 1020 3945 XVIII,
1059 3869 1219 3944 331),
1256 3871 1310 3926 δ.
1339 3875 1511 3946 κῆρα,
1537 3869 1573 3924 i.
1601 3888 1649 3927 e.
1675 3869 1934 3944 tolerare,
1958 3869 2085 3944 pati
2107 3867 2204 3942 (Il.
2229 3867 2474 3945 XVIII,
2504 3867 2672 3948 155);
2699 3871 2936 3926 ἐπιόντα
2959 3869 3118 3946 δουρὶ

778 3969 1087 4043 δεδέξομαι
1114 4017 1121 4023 .
1150 3964 1247 4042 (Il.
1312 3965 1387 4042 V,
1450 3966 1610 4040 238),
1673 3967 1728 4022 δ.
1796 3969 2120 4042 πολεμίους,
2185 3967 2224 4023 i.
2269 3985 2320 4024 e.
2365 3966 2678 4041 resistere:
2724 3969 2824 4023 τὸν
2866 3963 2925 4022 δ’
2965 3969 3122 4031 Αἴας

780 4065 1058 4129 οὔτασκε,
1122 4064 1472 4139 δεδεγμένος
1530 4063 1717 4139 ἔγχεϊ
1754 4065 1957 4140 μακρῷ
2004 4061 2099 4139 (ΙΙ.
2143 4063 2281 4140 XV,
2327 4064 2498 4138 745);
2545 4065 2681 4132 βίοις
2725 4065 3122 4139 ὑποδέγμενος

780 4165 1005 4238 ἀνδρῶν
1048 4159 1185 4238 (Od.
1228 4159 1414 4235 XIII,
1458 4161 1605 4233 3103
1643 4159 1818 4236 XVI,
1862 4159 1998 4238 189)
2033 4159 2338 4236 δέχεσθαί
2375 4165 2486 4217 τινί
2523 4181 2580 4218 τι
2608 4159 2836 4239 (levare
2857 4161 3120 4235 aliquem

781 4270 981 4344 aliqua
1027 4267 1144 4345 re):
1190 4269 1263 4331 ὡς
1306 4269 1420 4344 ἄρα
1464 4265 1753 4341 φωνήσας
1791 4264 1885 4322 For
1921 4267 2168 4342 ἐδέξατο
2205 4271 2474 4342 χάλκεον
2499 4268 2688 4344 ἔγχος
2709 4265 3120 4344 (Odyss.XV,

782 4365 942 4444 282).
986 4363 1121 4438 Qua
1162 4384 1228 4422 re
1268 4383 1385 4422 non
1427 4363 1621 4440 videm
1667 4383 1775 4422 cur
1807 4362 1994 4422 verba
2027 4362 2300 4440 δέξασθέ
2336 4383 2444 4442 μου
2480 4363 2810 4442 θοὶμάτιον,
2846 4363 2924 4422 ad
2953 4383 3122 4441 spec-

782 4469 1007 4522 tatores
1034 4463 1215 4538 dicta,
1246 4482 1363 4519 non
1392 4462 1625 4538 possint
1652 4461 2020 4538 significare:
2071 4480 2182 4534 „en
2215 4462 2464 4538 pallium
2493 4481 2694 4519 meum
2717 4461 3028 4536 antiquum
3051 4481 3124 4520 ac

782 4559 1059 4637 lugubre,
1104 4560 1265 4634 quod
1308 4559 1424 4618 iam
1468 4559 1735 4616 taedium
1779 4565 1997 4634 movet,
2029 4563 2278 4616 exutum
2308 4559 2785 4636 depositumque,
2807 4558 3120 4634 vobisque,

782 4656 835 4716 si
879 4657 1093 4734 placet,
1138 4655 1481 4715 devotum.”

860 4755 911 4834 2)
954 4754 1107 4832 Agit
1148 4757 1173 4810 ὀ
1219 4757 1457 4819 Δίκαιος
1500 4754 1577 4812 de
1621 4754 1856 4813 iustitia
1897 4774 1985 4812 vs.
2031 4755 2166 4831 900,
2213 4755 2348 4832 903,
2393 4755 2545 4828 9623
