3478 5737
1506 640 1625 701 143

396 826 533 909 τῇδε
580 838 655 911 τῇ
703 828 875 892 πόλει
922 844 1258 912 προσεῖναι.
1332 832 1576 911 Itaque
1626 832 1930 897 Nubium
1979 832 2244 898 Chorus
2292 852 2432 900 non
2463 836 2746 903 dubitat

394 952 705 1017 civitatis
788 954 1183 1035 vituperare
1266 956 1573 1038 consilia,
1658 957 1820 1023 dum
1907 958 2054 1037 ipse
2125 974 2243 1039 per
2313 962 2529 1025 totam
2601 962 2745 1027 fere

393 1076 699 1141 fabulam
759 1095 833 1142 se
894 1080 1177 1159 praebet
1238 1079 1577 1143 malorum
1634 1081 2072 1145 consiliorum
2123 1086 2474 1148 auctorem
2527 1085 2743 1151 fauto-

392 1217 692 1280 remque.
778 1202 877 1265 En
946 1202 1197 1267 iterum
1249 1204 1447 1267 Chori
1498 1204 1790 1285 duplicis
1836 1206 2092 1285 figurae
2141 1224 2298 1287 pars
2343 1209 2609 1288 optima
2655 1212 2742 1274 ad

390 1328 811 1406 spectatores
856 1342 1211 1391 conversa.

476 1573 676 1637 Obori
715 1574 1235 1654 antepirrhema
1271 1577 1397 1656 (vs.
1436 1576 1836 1657 δοῖ-626),
1875 1579 1962 1641 ab
1993 1578 2455 1659 epirrhemate
2486 1583 2736 1647 cantici

388 1698 685 1778 religiosi
730 1703 1115 1783 ἀναστροφῇ
1163 1700 1609 1781 disiunctum,
1650 1700 1953 1782 lepidum
1993 1704 2274 1783 praebet
2309 1706 2739 1785 praecedenti

384 1823 798 1888 incusationi
876 1824 1297 1906 respondens
1370 1828 1876 1905 argumentum.
1983 1826 2197 1911 „Cum
2258 1829 2393 1893 huc
2463 1846 2738 1895 eramus

386 1947 778 2028 profecturi,
867 1950 1194 2013 convenit
1287 1966 1412 2013 nos
1497 1950 1690 2014 Luna
1774 1951 2106 2031 nobisque
2199 1953 2562 2018 mandavit
2656 1958 2737 2019 ut

386 2072 928 2137 Atheniensibus
989 2072 1368 2152 „efficiisque”
1438 2108 1517 2119 —
1582 2074 1804 2139 socios
1859 2090 2064 2156 saepe
2111 2074 2294 2140 inter
2341 2080 2735 2157 spectantes

380 2195 449 2258 in
496 2196 769 2276 magnis
816 2196 1245 2262 Liberalibus
1289 2197 1504 2261 fuisse
1550 2202 1836 2279 apparet
1887 2234 1968 2244 —
2023 2200 2208 2281 „suis
2255 2201 2485 2265 verbis
2531 2200 2733 2281 pluri-

380 2336 563 2383 mam
629 2321 1112 2386 nuntiaremus
1175 2321 1540 2386 salutem.'’
1612 2322 1802 2386 Haec
1866 2323 2382 2388 benevolentiae
2429 2326 2732 2405 captatio

381 2444 791 2509 incusationi
880 2445 1374 2526 praemittitur.
1482 2446 1780 2529 „Deinde
1865 2484 1924 2491 —-
2005 2464 2078 2511 se
2162 2448 2363 2513 irasci
2434 2449 2728 2532 dicebat,

380 2585 587 2647 seque
661 2568 841 2651 apud
920 2586 1063 2650 VOS,
1150 2585 1286 2634 non
1372 2570 1604 2635 verbis
1672 2570 1787 2634 sed
1861 2588 2098 2651 reapse
2169 2572 2517 2638 beneficiis
2586 2576 2732 2639 suis

378 2693 786 2773 cumulatos,
837 2693 998 2757 mali
1051 2697 1308 2757 metere
1357 2710 1672 2758 messem.
1757 2694 2030 2759 Etenim
2080 2696 2334 2760 facium
2385 2701 2497 2761 οὒκ
2547 2696 2730 2763 ἔλατ-

379 2842 481 2881 τον
544 2818 581 2900 ἢ
645 2816 929 2902 δραχμὴν
994 2832 1103 2882 τοῦ
1165 2822 1361 2902 μηνὸς
1422 2818 1900 2900 compendium
1967 2819 2234 2884 debetis
2281 2821 2486 2886 lunae
2535 2824 2726 2890 bene-

376 2942 785 3007 volentiae.”
836 2943 936 3006 Cf.
984 2960 1088 3006 vs.
1136 2943 1265 3006 613
1315 2960 1449 3022 sq.:

641 3065 795 3131 ὥστε
840 3072 942 3130 καὶ
992 3066 1187 3146 λέγειν
1237 3067 1527 3140 ἅπαντας
1573 3066 1854 3140 ἐξιόντα-ς
1902 3069 2198 3150 ἑσπέρας·

644 3197 769 3276 vm)
818 3195 991 3276 πρίῃ,
1036 3207 1174 3271 παῖ,
1221 3193 1385 3279 δᾷδ’,
1432 3191 1642 3274 ἐπειδὴ
1694 3205 1826 3274 φῶς
1873 3192 2229 3276 Σεληναίης
2275 3191 2537 3274 καλόν.,”

465 3315 650 3399 „Vos
718 3321 976 3399 contra,
1039 3319 1363 3397 quoniam
1433 3317 1699 3382 dierum
1771 3334 1905 3382 non
1983 3317 2294 3382 babeatis
2365 3293 2726 3398 rationem,

374 3438 531 3503 deos
614 3457 823 3506 coena
906 3441 1219 3506 fraudare
1291 3442 1509 3506 solere
1578 3441 1764 3520 dicit,
1835 3441 2033 3504 cuius
2103 3441 2199 3505 rei
2269 3441 2540 3522 culpam
2613 3441 2722 3505 dei

374 3563 747 3629 identidem
831 3566 1187 3631 conferant
1266 3567 1337 3631 in
1424 3566 1642 3647 ipsam
1729 3566 2014 3630 Lunam.
2108 3565 2277 3631 Cum
2351 3565 2719 3631 sacrificari

372 3692 661 3770 oportet,
709 3706 834 3754 vos
879 3692 1249 3756 tormentis
1295 3695 1366 3754 et
1414 3690 1683 3754 iudiciis
1729 3690 1912 3754 datis
1958 3689 2270 3769 operam.‘
2305 3689 2442 3754 Nos
2477 3692 2714 3755 autem

372 3812 506 3876 dii'’
573 3849 655 3858 --
720 3815 829 3879 hic
890 3831 1023 3878 non
1080 3815 1378 3896 amplius
1424 3819 1778 3894 tamquam
1829 3815 2060 3879 Lunae
2107 3815 2415 3896 nuntiae,
2465 3814 2581 3878 sed
2630 3817 2714 3878 ut

370 3935 531 4001 deae
618 3939 804 4019 ipsae
886 3939 1261 4019 loquuntur
1344 3939 1578 4004 Nubes
1651 3976 1713 3984 —
1792 3938 1995 4022 „dum
2079 3938 2338 4003 ieiunia
2421 3939 2711 4020 agimus,

371 4058 835 4126 Memnonem·
886 4067 1010 4128 aut
1094 4061 1551 4143 Sarpedonem
1633 4066 2040 4142 maerenteS,
2120 4079 2244 4126 vos
2323 4063 2556 4127 libatis
2631 4079 2711 4126 ac

367 4183 625 4249 ridetis,
718 4185 916 4250 Hanc
986 4188 1071 4251 ob
1133 4203 1407 4250 oausam
1472 4201 1597 4249 nos
1658 4185 1783 4248 hoc
1842 4201 2020 4248 anno
2085 4183 2558 4265 Hyperbolum
2622 4181 2708 4270 τῷ

365 4309 649 4392 στεφάνῳ
710 4311 1141 4390 privavimus
1200 4311 1267 4387 (i.
1332 4327 1389 4372 e.
1439 4309 1499 4372 ei
1550 4309 2030 4387 magistratum
2081 4308 2610 4388 abrogavimus).
2660 4309 2710 4388 1)

444 4523 493 4594 1)
546 4521 945 4597 Magistratus
1000 4541 1215 4579 corona
1268 4519 1803 4596 distinguebantur
1843 4540 1878 4577 a
1917 4517 2172 4595 privatis
2215 4517 2414 4593 (Dein.
2455 4517 2708 4579 Midian.

365 4617 443 4674 32
482 4618 597 4698 sq.)
639 4625 708 4677 ut
750 4617 1126 4678 inviolabiles
1166 4618 1353 4690 (Plut.
1398 4619 1518 4696 20),
1562 4618 1637 4677 cf.
1682 4618 1837 4692 Equ.
1887 4619 2058 4675 1227.
2107 4617 2208 4674 Sic
2251 4614 2602 4674 Teuffelilis.
