3478 5737
1801 581 1926 645 188

685 775 1072 857 inhonesta,
1130 774 1359 856 potius
1417 774 1778 839 attendere
1824 792 2031 854 quam
2077 775 2160 839 ad
2210 792 2444 840 veram
2494 775 2734 857 poesin
2787 778 3042 840 vetera-

687 916 820 980 que
866 900 1107 980 utpote
1154 898 1459 963 obsoleta
1503 898 1879 979 aspernari.
1951 898 2138 979 Quae
2174 916 2374 979 porro
2415 899 2757 981 Euripidis
2793 900 3040 964 damno

688 1038 1224 1088 commemorare
1271 1021 1437 1087 facit
1486 1022 2011 1105 Aristophanes,
2059 1040 2276 1104 aequo
2330 1024 2477 1089 iure
2522 1016 2753 1105 petere
2790 1024 3042 1105 potuis·

690 1151 799 1213 set
866 1166 923 1213 e.
993 1165 1089 1228 gr.
1160 1164 1248 1212 ex
1316 1148 1603 1229 ratione,
1669 1164 1845 1227 quae
1907 1148 1979 1211 in
2049 1146 2400 1229 Sophoclis
2464 1148 2802 1229 Oedipode
2863 1148 3043 1227 Rege

690 1271 1054 1336 intercedit
1098 1271 1280 1336 inter
1328 1271 1545 1335 filium
1592 1274 1663 1335 et
1710 1275 2024 1336 matrem.
2113 1270 2224 1336 Sic
2271 1276 2472 1354 poeta
2519 1272 2588 1336 in
2639 1272 3038 1337 universum

690 1396 909 1476 magis
968 1395 1425 1477 perstringere
1487 1395 1790 1460 voluisse
1851 1395 2020 1461 mihi
2083 1395 2364 1460 videtur
2423 1396 2753 1461 iuvenum
2805 1395 3043 1461 delica—

691 1524 922 1585 torum
990 1536 1197 1599 quam
1268 1520 1830 1601 philosophorum
1899 1519 2072 1584 artis
2133 1520 2435 1601 poeticae
2500 1520 2752 1585 iudicia
2813 1536 3044 1599 prava.

692 1644 1034 1727 Euripidis
1095 1644 1481 1709 fabularum
1546 1662 1780 1710 amore
1839 1644 2138 1709 fanatico
2185 1644 2468 1725 flagrare
2517 1644 2794 1709 videtur
2839 1643 3042 1725 filiuS,

691 1767 789 1833 Sic
852 1773 931 1833 ut
990 1766 1156 1842 ὅστις
1216 1774 1327 1833 οὒκ
1390 1770 1745 1854 Εὐριπίδην
1794 1772 2030 1833 ἐπαινεῖ
2081 1771 2446 1850 σοφώτατον
2497 1768 2744 1849 dignus
2789 1769 2884 1833 sit,
2928 1769 3042 1848 qui

690 1891 1035 1957 mulcetur
1082 1896 1207 1972 (νε.
1260 1892 1477 1970 1377).

780 2014 952 2095 Quia
1020 2016 1320 2080 inserere
1391 2016 1597 2081 libuit
1663 2020 1906 2098 poetae
1968 2018 2261 2083 facetam
2323 2016 2846 2099 oppositionem,
2911 2032 3047 2095 qua

691 2141 1084 2219 ostenderet
1142 2142 1340 2221 pater
1401 2158 1597 2206 suam
1660 2159 1822 2223 erga
1877 2142 2094 2205 filium
2142 2140 2564 2205 infantulum
2615 2155 2854 2204 curam
2903 2138 3044 2202 dili-

691 2264 1153 2346 gentiamque,
1203 2264 1461 2345 filiique
1507 2266 1580 2330 in
1628 2283 1721 2347 se,
1770 2264 2267 2330 contumeliose
2298 2264 2650 2341 affectum,
2685 2262 3043 2343 incuriam,

695 2389 1063 2469 repetenda
1130 2391 1331 2453 erant
1378 2392 1589 2455 verba
1634 2390 1966 2455 nonnulla
2012 2394 2140 2466 (νε.
2195 2389 2364 2453 1378
2413 2392 2481 2453 et
2533 2386 2749 2469 1379),
2798 2386 3049 2467 quibus

696 2513 914 2591 patris
961 2514 1275 2593 querelae
1324 2516 1891 2594 praecedentibus
1936 2514 2536 2593 coniungerentur.

784 2757 820 2829 ὅ
869 2753 927 2813 2.
1020 2750 1149 2814 Per
1213 2752 1416 2816 Chori
1471 2752 1980 2834 antistropham
2029 2760 2154 2832 (νε.
2209 2755 2670 2831 1391-1398)
2718 2754 3048 2818 certiores

694 2877 870 2941 fiunt
936 2878 1356 2955 spectatores
1428 2913 1491 2921 —
1551 2876 1609 2941 si
1665 2878 1970 2943 nondum
2035 2883 2543 2962 perspexerunt
2603 2915 2666 2924 -—
2723 2878 2860 2942 iam
2923 2878 3042 2941 filii

690 3017 842 3064 esse
906 3005 1013 3064 τὸν
1068 3000 1230 3082 ἢττω
1278 3001 1465 3080 λόγον
1516 3003 1772 3082 κρείττω
1819 3017 2040 3069 ποιεῖν.
2119 3005 2229 3087 „Si
2279 3005 2466 3068 enim
2512 3003 2648 3083 ille,
2697 3021 2791 3067 sc.
2840 3003 3045 3082 filiu-5,

567 3207 576 3216 ο
692 3125 809 3204 qui
876 3127 1045 3190 talia
1103 3128 1550 3207 perpetravit,
1619 3128 1742 3192 hac
1806 3129 1876 3192 in
1939 3147 2012 3194 re
2073 3128 2358 3192 dicendo
2419 3129 2666 3193 evadet
2715 3127 3044 3208 superior,

693 3252 925 3313 cutem
989 3251 1333 3315 seniorum
1398 3269 1485 3315 ne
1531 3250 1748 3316 cicere
1798 3253 2072 3332 quidem
2121 3252 2498 3318 ememuS.’'
2595 3253 2858 3316 Chorus
2903 3251 3038 3314 iam

692 3391 953 3439 novum
1038 3392 1243 3439 suum
1320 3375 1728 3440 adhortatur
1797 3377 1905 3453 (cf.
1975 3377 2058 3441 de
2129 3394 2266 3440 νεε.
2340 3377 2468 3440 809
2540 3393 2686 3457 sqq.
2759 3365 2834 3455 p,
2899 3375 3047 3449 161)

694 3498 1185 3579 administrum,
1238 3499 1733 3583 Phidippidem,
1785 3504 1883 3583 ut,
1933 3501 2383 3582 persuadendi
2433 3501 2773 3565 rationem
2821 3501 3046 3574 (πειθώ

696 3625 859 3702 τινα)
927 3624 1387 3703 conquirendo
1456 3621 1761 3691 videatur
1819 3624 2025 3688 dicere
2083 3624 2277 3687 iusta.
2357 3623 2470 3688 Sic
2535 3624 2837 3689 Nubium
2898 3641 3046 3688 con-

698 3747 873 3828 silio,
922 3751 1001 3812 ut
1046 3747 1420 3829 Strepsiadi
1471 3748 1868 3828 aperiantur
1915 3748 2115 3830 oculi,
2165 3747 2458 3813 inservit
2505 3747 2688 3813 filius
2733 3749 2843 3826 (cf.
2891 3767 2948 3814 c.
2983 3748 3044 3812 V

700 3876 736 3948 ἓ
800 3873 861 3952 2,
924 3889 987 3952 p.
1056 3871 1225 3946 171).
1308 3871 1382 3934 Id
1446 3871 1591 3953 ipse
1654 3871 1957 3936 Nubium
2037 3911 2098 3918 —
2170 3889 2258 3937 ex
2321 3873 2539 3954 patris
2600 3873 2845 3938 saltem
2913 3873 3046 3953 opi·

703 3996 900 4060 nione
983 4032 1046 4040 —
1122 3993 1449 4059 alumnus
1523 3995 1806 4060 disertis
1875 4013 2142 4076 quoque
2214 3997 2443 4062 verbis
2513 3996 2854 4077 significat
2920 4000 3045 4076 (vs.

701 4118 1184 4197 1399-1405),
1246 4135 1331 4182 ne
1394 4122 1818 4200 spectatores
1881 4121 2005 4184 hac
2069 4121 2150 4186 de
2211 4138 2283 4185 re
2345 4121 2588 4185 incerti
2645 4120 2728 4186 ad
2776 4120 3046 4186 fabulae

696 4243 1059 4308 consilium
1148 4243 1507 4308 attendere
1576 4243 1960 4323 neglegant.
2079 4245 2661 4324 Quemadmodum
2735 4245 3048 4310 Socrates

697 4367 1073 4448 simulavit,
1182 4367 1422 4431 rustici
1529 4367 1908 4448 decipiendi
2017 4385 2244 4448 causa,
2339 4385 2412 4432 se
2503 4385 2652 4433 esse
2745 4367 3046 4432 Nubium

700 4491 1117 4571 ministrum,
1182 4490 1281 4554 sic
1339 4491 1474 4555 iam
1542 4490 1984 4573 Phidippides
2043 4508 2204 4572 erga
2252 4495 2517 4573 patrem
2566 4493 2851 4572 praebet
2897 4508 3048 4570 spe-

700 4616 871 4679 ciem
934 4629 1173 4689 καινοῖς
1236 4617 1595 4698 πράγμασιν
1664 4621 1766 4678 καὶ
1832 4616 2053 4691 δεξιοῖς
2114 4615 2482 4698 ὁμιλοῦντος
2531 4621 2634 4679 καὶ
2686 4621 2808 4680 τῶν
2857 4623 3046 4678 καθε-

698 4743 952 4804 στώτων
1017 4746 1551 4824 ὑπερφρονοῦντος
1614 4739 1825 4822 νόμων
1891 4747 2017 4818 (VS.
2081 4743 2252 4806 1399
2300 4741 2445 4823 Sq.).
2521 4740 2868 4806 Socratem
2916 4753 3042 4805 τῶν
