3478 5737
1849 576 1933 638 70

734 769 1016 849 versari,
1094 785 1252 833 eum
1330 769 1802 850 accipiendum
1883 786 2032 833 esse
2111 773 2216 833 τὸν
2292 770 2591 845 Ἄδικον,
2663 786 2863 833 nemo
2933 785 3086 832 nos-

738 897 1002 957 trorum
1100 892 1653 957 adversariorum
1755 892 2196 957 contradicet.
2307 894 2404 957 At
2503 899 2670 957 tunc
2771 892 3085 957 Socrates

737 1017 1021 1096 eiusque
1083 1016 1371 1089 συνόντες
1434 1017 1545 1081 vel
1610 1016 1969 1098 Sophistae
2035 1017 2249 1081 veluti
2319 1018 2730 1097 Protagoras
2790 1016 3080 1080 habendi

739 1145 905 1205 sunt
982 1141 1245 1223 iniusti,
1332 1141 1671 1218 dissoluti,
1759 1142 2084 1220 impudici
2173 1140 2308 1205 κατ’
2387 1142 2626 1226 ἐξοχὴν,
2701 1140 3086 1205 iniustitiae

739 1267 1013 1328 tantum
1064 1268 1136 1329 et
1181 1264 1550 1345 pravitatis
1598 1264 1914 1345 cultoreS,
1969 1302 2020 1309 —
2067 1283 2239 1344 quae
2285 1265 2772 1348 interpretatio
2799 1264 3082 1329 minime

741 1388 1031 1467 quadrat
1098 1405 1253 1451 cum
1327 1387 1883 1469 philosophorum
1957 1390 2317 1469 proborum
2389 1390 2685 1469 imagine
2755 1394 2885 1465 (VS.
2955 1387 3084 1450 415

743 1518 909 1591 sqq.)
980 1529 1100 1575 nec
1171 1512 1389 1591 magis
1459 1528 1613 1575 cum
1681 1511 1984 1576 Socratis
2049 1514 2396 1591 personati
2462 1513 2710 1577 indole.
2793 1512 2864 1575 Si
2930 1528 3085 1575 neu·

742 1640 927 1699 trum
1000 1638 1220 1713 Λόγον
1290 1636 1469 1717 apud
1518 1634 1873 1699 Socratem
1936 1652 2086 1699 esse
2150 1639 2496 1717 putamuS,
2561 1636 2749 1701 nullo
2817 1634 3086 1698 vinculo

747 1762 1092 1823 certamen
1156 1761 1471 1823 nostrum
1533 1758 1923 1821 cohaerebit
1983 1776 2138 1823 cum
2203 1760 2451 1823 ceteris
2507 1776 2728 1837 neque
2775 1758 3090 1821 Socrates

746 1885 892 1963 ipse
954 1882 1179 1947 dicere
1240 1884 1560 1964 potuerat
1624 1884 1749 1961 (ve.
1811 1883 2006 1956 886):
2071 1887 2258 1956 αὑτὸς
2318 1886 2666 1966 μαθήσεται
2714 1886 2830 1963 (sc.
2879 1884 3090 1945 ἐκείνω

749 2012 835 2071 τὼ
882 2010 1104 2088 Λόγω,
1155 2024 1255 2070 VS.
1305 2007 1480 2082 882.)
1528 2006 1677 2087 παρ’
1726 2011 1945 2070 αὐτοῖν
1989 2021 2120 2070 τοῖν
2155 2008 2422 2085 Λόγων,
2455 2024 2581 2073 nec
2621 2006 2839 2085 magis
2865 2004 3090 2084 Strop-

744 2131 1002 2197 siades:
1050 2149 1199 2196 esse
1247 2128 1393 2211 παρ’
1440 2134 1653 2203 αὺτοῖς
1700 2130 1872 2195 duos
1917 2134 2190 2209 Λόγους.
2243 2132 2488 2197 Restat
2539 2135 2615 2195 ut
2661 2129 3082 2209 accipiamus

750 2257 989 2320 ambos
1035 2256 1250 2335 Logos
1295 2275 1424 2317 esse
1469 2256 1649 2337 apud
1698 2253 2072 2319 Socraticos

843 2378 1085 2458 Opinio
1142 2381 1378 2442 autem
1430 2381 1667 2442 nostra
1714 2380 1884 2443 duos
1929 2382 2238 2444 oratores
2283 2380 2800 2461 repraesentare
2849 2374 3096 2437 διαλεκ-

758 2507 933 2584 τικήν
1006 2504 1076 2567 in
1148 2502 1549 2567 universum
1618 2504 2163 2587 altercationem,
2228 2521 2448 2584 neque
2509 2504 3094 2585 Μαραθωνομάχοι)

756 2630 1055 2708 aliquem
1129 2632 1261 2705 (τὸν
1337 2630 1619 2703 Δίκαιον)
1680 2633 1753 2693 et
1812 2627 2164 2695 Socratem
2227 2630 2337 2693 vel
2386 2630 2850 2711 Protagoram,
2900 2628 3098 2708 quasi

762 2754 1001 2817 vivum
1090 2753 1603 2833 spirantemque
1688 2753 1988 2834 ’'Adaxov,
2062 2755 2125 2818 id
2197 2772 2274 2819 eo
2343 2754 2727 2819 confirmari
2800 2754 3096 2831 videtur,

761 2878 938 2958 quod
1018 2895 1190 2956 quae
1264 2896 1305 2942 a
1382 2878 1900 2958 disputantibus
1967 2881 2150 2944 inter
2215 2879 2473 2944 amicos
2540 2882 2664 2944 aut
2733 2879 2907 2942 serio
2977 2881 3102 2941 aut

760 3001 973 3066 animi
1066 3019 1270 3066 causa
1354 3003 1818 3067 defenduntur
1905 3004 2014 3068 vel
2101 3004 2494 3068 refutantur
2579 3003 2685 3084 (cf.
2775 3019 2919 3083 cap.
3015 3001 3100 3082 II,

764 3127 800 3203 ξ
864 3128 948 3206 5),
1013 3143 1237 3190 coram
1304 3127 1547 3207 populo
1610 3128 1667 3190 si
1734 3127 2074 3208 proponis,
2143 3126 2213 3190 in
2281 3143 2579 3190 errorem
2644 3125 2888 3190 ducere
2953 3141 3104 3206 pos-

763 3253 929 3314 sunt
998 3249 1309 3314 homines
1374 3250 1457 3314 de
1520 3251 1737 3332 plebe,
1801 3251 2049 3331 quippe
2111 3251 2226 3329 qui
2289 3251 2608 3331 propensi
2670 3249 2812 3314 sint
2858 3267 3103 3313 unum-

764 3374 1076 3453 quodque
1107 3374 1387 3455 dictum,
1421 3375 1838 3440 defensionis
1869 3374 1979 3439 vel
2013 3373 2453 3439 refutationis
2491 3391 2698 3438 causa
2735 3372 3102 3454 prolatum,

767 3496 1014 3561 habere
1062 3514 1181 3578 pro
1226 3513 1392 3562 vera
1445 3497 1829 3578 intimaque
1881 3498 2302 3578 disputantis
2348 3497 2789 3579 persuasione
2818 3498 3104 3578 ideoque

769 3636 905 3683 non
951 3619 1034 3682 ad
1084 3636 1193 3683 res
1240 3620 1423 3701 ipsas
1468 3621 1583 3684 sed
1629 3622 1715 3684 ad
1764 3637 2087 3701 personas
2132 3620 2515 3685 attendere.
2581 3621 2654 3685 Si
2702 3621 2948 3701 relegis
2996 3635 3106 3684 τοῦ

774 3744 1048 3807 Ἀὄίκου
1098 3745 1303 3808 verba
1346 3746 1507 3809 inde
1552 3764 1593 3809 a
1639 3763 1742 3810 vs.
1796 3747 1966 3809 1060
2013 3745 2276 3824 tibique
2324 3745 2524 3826 fingis
2569 3747 2737 3810 haec
2775 3746 2950 3811 serio
2975 3746 3107 3810 dici

771 3869 857 3932 ab
903 3866 1258 3949 histrione,
1307 3868 1421 3948 qui
1468 3869 1654 3932 vultu
1700 3871 1902 3950 *refert
1946 3871 2071 3933 aut
2119 3868 2470 3934 Socratem
2501 3871 2626 3932 aut
2661 3869 3106 3950 Protagoram

770 3993 895 4054 aut
954 3989 1167 4053 alium
1228 3989 1727 4073 philosophum,
1791 3993 2002 4056 talem
2066 3992 2292 4057 virum
2339 3992 2726 4056 formidinis
2773 3993 2991 4057 instar
3037 3996 3110 4056 et

774 4113 1074 4195 dignum,
1136 4113 1251 4192 qui
1314 4113 1653 4194 lapidibus
1712 4116 2064 4198 obruatur,
2112 4117 2347 4182 haberi
2395 4117 2467 4181 et
2509 4117 2596 4181 ab
2644 4117 3110 4198 Aristophane

775 4236 920 4316 ipso
968 4237 1039 4300 et
1083 4253 1124 4299 a
1170 4237 1666 4316 spectatoribus
1704 4240 1874 4304 bene
1914 4241 2198 4305 moratis
2231 4209 2506 4305 necesse
2539 4257 2690 4304 esse
2721 4241 3010 4322 dixeris;
3039 4279 3099 4288 —

778 4360 954 4438 quod
1036 4361 1429 4425 absurdum..
1517 4363 1774 4428 Deinde
1858 4365 1915 4428 si
1987 4365 2306 4444 ponimus
2377 4369 2485 4430 τὸν
2563 4365 2846 4430 ’Ἀδικον
2909 4365 3112 4430 vultu

778 4482 1131 4547 rettulisse
1195 4483 1568 4565 Socratem,
1631 4487 1951 4552 oriuntur
2013 4489 2592 4555 contradictiones
2639 4492 2816 4570 illae,
2867 4491 3118 4570 quibus

780 4606 1084 4671 Kockius
1129 4608 1340 4683 (Part.
1391 4609 1443 4690 I,
1492 4629 1545 4674 c.
1596 4611 1713 4692 ΙΙΙ,
1766 4617 1800 4687 g
1849 4615 1913 4687 4)
1961 4616 2031 4676 et
2079 4613 2450 4678 Teuffelius
2496 4615 2595 4692 (P.
2636 4615 2686 4696 1,
2727 4633 2780 4678 c.
2819 4615 2938 4696 111,
2979 4619 3016 4692 ἓ
3055 4616 3118 4690 T)

778 4733 1135 4812 tantopere
1181 4732 1637 4798 offenduntur.
