3478 5737
1851 564 1976 626 146

731 756 904 821 alias
962 759 1199 821 autem
1262 756 1759 837 neglegentem.
1832 756 1982 822 Non
2044 773 2182 839 eaS,
2248 758 2330 821 ut
2376 756 2637 837 opinor,
2688 756 3081 836 Aristopha-

735 898 860 945 nes
934 881 1139 961 elegit
1212 882 1578 963 doctrinaS,
1651 899 1821 962 quas
1890 898 2052 963 prae
2122 880 2368 946 ceteris
2437 879 2853 961 despiciebat
2919 880 3082 944 ludi·

735 1005 966 1069 brieve
1037 1005 1277 1086 dignas
1343 1010 1468 1070 aut
1535 1006 1951 1087 periculosas
2018 1006 2319 1070 habebat
2388 1004 2677 1085 civibuS,
2740 1004 2858 1068 sed
2928 1004 3082 1068 sim-

735 1130 1003 1211 pliciter
1080 1146 1116 1194 e
1193 1131 1400 1195 rebus
1467 1130 1807 1195 discendis
1874 1148 1991 1195 eas
2060 1130 2285 1210 elegit,
2358 1145 2532 1207 quae
2602 1129 3083 1193 indicabantur

735 1255 1130 1321 nominibus
1207 1234 1496 1335 duplicis
1577 1255 2131 1334 significationis:
2220 1254 2443 1336 μέτρον
2524 1253 2760 1329 (etiam
2842 1254 3081 1337 χοῖνιξ),

735 1383 1077 1463 τρίμετρον,
1159 1382 1559 1462 τετράμετρον
1645 1379 1881 1455 (etiam
1968 1382 2310 1461 ἡμιεκτέον)
2382 1380 2705 1455 συνουσία,
2774 1378 3082 1454 δάκτυλος

734 1506 1004 1581 (haecce
1067 1505 1199 1570 duo
1257 1509 1328 1569 et
1373 1522 1580 1569 sensu
1628 1503 1830 1568 solito
1878 1509 1951 1570 et
1995 1507 2331 1586 obsceno),
2380 1505 2459 1568 τὰ
2506 1505 2735 1587 ἄρρενα
2782 1506 3087 1582 (nomina

735 1629 1118 1694 masculina
1163 1632 1236 1693 et
1280 1632 1550 1711 mares),
1599 1632 1676 1691 τὰ
1723 1626 1921 1709 θήλεα
1970 1630 2249 1694 nomina
2296 1633 2369 1693 et
2414 1646 2526 1693 res
2574 1634 3085 1711 personaeque).

733 1754 990 1819 Idcirco
1073 1753 1230 1817 illae
1299 1770 1408 1817 res
1477 1770 1819 1817 summam
1889 1754 2181 1834 agrestis
2247 1757 2532 1818 movent
2598 1754 3081 1834 attentionem,

741 1879 900 1959 quia
954 1878 1325 1959 pertinent,
1384 1879 1440 1942 si
1489 1896 1607 1943 eas
1651 1879 1906 1959 accipis
1953 1882 2032 1943 ut
2078 1879 2398 1961 rusticus,
2446 1879 2530 1942 ad
2578 1878 2797 1943 vitam
2846 1878 3085 1959 volup-

737 2007 1058 2084 tatesque
1105 2003 1494 2068 rusticanas
1541 2007 1613 2067 et
1657 2004 1739 2067 ad
1790 2004 2088 2085 corporis
2134 2020 2434 2068 sensum.
2504 2002 2827 2083 Elegendi
2874 2004 3085 2083 igitur

738 2127 925 2208 optio
1003 2127 1208 2191 cert1s
1276 2128 1530 2193 finibus
1597 2131 1747 2192 erat
1813 2128 2367 2209 circumscripta:
2438 2127 2657 2192 altera
2724 2128 3083 2193 ambarum

739 2251 1320 2332 significationum
1405 2251 1821 2333 Strepsiadis
1898 2255 2175 2333 captum
2260 2270 2391 2316 non
2460 2243 2793 2335 superare,
2862 2252 3086 2316 altera

738 2380 971 2441 autem
1065 2377 1213 2441 eius
1301 2376 1849 2457 intellegentiam
1934 2377 2228 2442 excedere
2310 2377 2632 2457 debebat;
2720 2380 3084 2457 utramque

740 2506 981 2567 contra
1037 2502 1388 2566 notionem
1435 2505 1899 2583 spectatorum
1948 2502 2184 2582 captui
2228 2502 2585 2583 oportebat
2631 2518 2781 2566 esse
2826 2518 3083 2566 accom-

741 2626 1110 2707 modatam,
1220 2626 1558 2705 siquidem
1649 2643 1769 2707 per
1858 2629 2078 2691 totam
2170 2642 2487 2690 scaenam
2577 2625 3083 2690 dissensionum

739 2751 1117 2833 lepidarum
1187 2750 1431 2815 seriem
1502 2751 2005 2830 spectatoribus
2066 2749 2307 2814 offerre
2376 2748 2600 2813 voluit
2668 2752 2887 2830 poeta.
2970 2748 3085 2814 Sic

739 2877 940 2941 initio
1007 2893 1290 2941 scaenae
1353 2875 1654 2940 rusticus
1698 2876 1958 2956 cogitat
2002 2873 2486 2962 ἀλφιταμοιβόν,
2531 2877 2872 2956 ἡμιεκτέον,
2916 2875 3077 2939 dum

741 3001 1069 3081 magister
1127 3007 1240 3084 τὴν
1301 3006 1592 3084 μετρικὴν
1655 3001 1896 3065 docere
1944 3000 2601 3083 cupit-(639—646).
2673 3000 2769 3066 De
2816 3005 3083 3083 ῥυθμοῖς

737 3125 1094 3190 locuturus
1155 3129 1262 3190 est
1324 3125 1670 3206 Socratem
1733 3125 2128 3190 rusticanus
2186 3127 2422 3190 autem
2470 3125 2771 3206 primum
2833 3143 3083 3207 parum

737 3251 861 3312 aut
944 3248 1116 3312 nihil
1195 3249 1556 3331 intellegit,
1641 3249 1899 3313 auditis
1984 3265 2146 3312 vero
2232 3248 2463 3313 verbis
2539 3254 2699 3312 κατὰ
2768 3249 3081 3314 δάκτυλον

739 3373 958 3438 credit
1020 3373 1498 3454 philosophum
1562 3373 1741 3438 velle
1801 3377 2071 3453 gestum
2134 3373 2430 3452 aliquem
2496 3375 2886 3440 obscenum.
2972 3374 3080 3439 Ad

740 3496 1160 3562 locutionum
1232 3499 1370 3562 κατ’
1437 3497 1730 3562 ἐνόπλιον
1801 3500 1872 3562 eb
1942 3501 2102 3563 κατὰ
2172 3497 2485 3562 δάκτυλον
2556 3500 3079 3580 ambiguitatem

740 3638 894 3684 cum
973 3624 1396 3703 spectatores
1462 3625 1752 3688 fortasse
1822 3639 1957 3687 non
2027 3623 2265 3687 statim
2336 3624 2783 3707 attenderint,
2854 3625 3085 3689 rident

739 3748 824 3810 ob
923 3746 1163 3810 rustici
1255 3765 1572 3828 errorem,
1663 3748 1957 3812 alteram
2049 3748 2615 3828 significationem
2712 3750 3083 3830 cogitantis

741 3869 1156 3950 (647-654).
1241 3871 1502 3936 Socrati
1562 3875 1842 3954 propter
1905 3889 2081 3936 vana
2141 3872 2422 3937 docendi
2478 3873 2839 3938 conamina
2886 3875 3082 3955 quasi

741 3993 997 4058 afflicto
1058 3999 1130 4058 et
1189 3995 1512 4060 iracundo
1575 3997 1682 4076 (Cf.
1746 4013 1847 4060 VS.
1914 3997 2043 4060 646
2106 3999 2164 4069 ἔς
2226 3999 2515 4078 κόρακας,
2565 4002 2648 4071 ὡς
2692 4000 2983 4081 ἄγροικος
3028 3996 3090 4063 εἷ

741 4121 844 4180 καὶ
908 4118 1255 4200 δυσμαθής,
1319 4124 1389 4183 et
1452 4137 1554 4183 VS.
1617 4120 1747 4184 655
1810 4123 2052 4202 ἀγρεῖος
2106 4117 2165 4183 εἶ
2204 4127 2307 4184 καὶ
2357 4123 2611 4204 σκαιός),
2660 4124 3081 4205 lepidissime

741 4245 1104 4325 respondet
1185 4248 1454 4309 noster:
1533 4249 1773 4308 τούτων
1851 4248 2145 4326 ἐπιθυμῶ
2212 4251 2561 4328 μανθάνειν
2632 4249 2835 4313 οὐδέν.
2908 4249 2971 4314 V
2978 4250 3083 4314 ult

738 4371 1014 4432 'tanturn
1083 4370 1262 4433 ἔκιῖν’
1331 4373 1546 4447 ἐκεῖνο,
1613 4375 1720 4434 τὸν
1792 4371 2180 4437 ἀδικώτατον
2252 4372 2458 4453 λόγον.
2552 4374 2781 4454 Pergit
2844 4379 3079 4439 autem

743 4493 1069 4572 magister
1138 4512 1393 4578 rogare,
1469 4513 1806 4575 quaenam
1872 4498 2385 4580 quadrupedum
2452 4499 2778 4580 (nomina)
2840 4517 3082 4564 revera

738 4617 970 4695 (ὀρθῶς
1068 4619 1150 4683 cf.
1240 4637 1342 4683 vs.
1437 4621 1590 4698 251)
1682 4623 1825 4685 sint
1916 4623 2278 4687 masculini
2370 4624 2671 4704 gene1·is;
2764 4623 3081 4688 nominat

741 4735 1045 4798 rusticus
1111 4736 1366 4799 bestias
1411 4753 1656 4811 mares,
1705 4737 2083 4801 familiares
2130 4756 2290 4802 suos
2340 4745 2625 4804 veteres.
2720 4743 2846 4804 Τὸν
2894 4739 3077 4802 ἀλεκ-
