3478 5737
1566 586 1683 649 181

452 778 824 844 Contendit
886 779 1131 844 deinde
1192 780 1496 845 rusticus
1556 797 1643 845 ne
1704 796 1896 860 spem
1962 778 2236 859 quidem
2287 779 2804 843 convalescendi
2861 862 2872 869 ι

452 904 773 969 creditori
835 921 985 969 esse
1054 904 1389 987 relictam,
1462 905 1713 987 quippe
1783 906 1892 969 cui
1963 906 2319 969 cerebrum
2391 920 2804 968 concussum

450 1028 785 1093 videatur.
856 1028 1083 1094 Huius
1144 1029 1486 1111 opinionis
1547 1030 1965 1111 ambiguitas
2025 1029 2248 1093 denuo
2295 1029 2806 1110 spectatoribus

448 1156 751 1236 apparet.
836 1154 1177 1236 Amynias
1234 1158 1469 1219 autem
1520 1154 1735 1234 ipsius
1783 1154 2017 1235 lapsus
2065 1153 2262 1233 quasi
2311 1153 2588 1235 oblituS‚
2641 1171 2797 1217 curn

448 1278 510 1342 ei
575 1277 865 1359 pecunia
925 1295 1127 1358 quam
1196 1279 1499 1343 maxime
1548 1278 1642 1343 sit
1687 1278 1894 1360 cordi,
1943 1278 2267 1343 irascitur
2313 1278 2617 1357 dicitque
2662 1280 2788 1358 (vs,

458 1402 683 1478 1277):

539 1514 613 1573 σὺ
661 1509 724 1573 δὲ
772 1514 849 1591 νὴ
898 1510 1003 1573 τόν
1062 1512 1301 1591 <Ερμῆν
1352 1508 1922 1591 προσκεκλήσεσθαι
1969 1509 2028 1588 γ’
2076 1511 2213 1589 ἐμοί
2259 1514 2376 1585 (SC.
2426 1510 2666 1583 δοκεῖς).

536 1634 909 1715 Hucusque
976 1636 1407 1717 Strepsiades
1465 1638 1724 1717 absque
1791 1636 1977 1700 omni
2040 1636 2368 1717 doctrina,
2419 1652 2456 1699 e
2506 1634 2796 1699 Socrati·

451 1776 683 1825 corum
746 1758 991 1825 Schola
1052 1760 1437 1841 desumpta,
1497 1759 1815 1824 creditori
1864 1760 2146 1824 restitit.
2223 1760 2330 1823 An
2382 1758 2800 1823 credendum

452 1886 559 1947 est
618 1883 957 1949 rusticum
1017 1901 1061 1949 a
1116 1883 1395 1949 Socrate
1442 1884 1758 1948 didicisse
1805 1882 1998 1948 illam
2043 1884 2126 1948 de
2173 1883 2541 1963 tragoediis
2587 1883 2802 1947 scien-

452 2006 673 2071 tiam?
752 2006 1001 2073 Mirum
1052 2008 1119 2072 in
1172 2006 1447 2073 modum
1498 2008 1744 2073 brutus
1792 2008 2029 2073 noster
2076 2007 2248 2071 satis
2294 2022 2576 2087 poeseos
2623 2006 2802 2069 vide-

452 2134 569 2194 tur
630 2131 917 2213 perituS,
968 2135 1045 2197 ut
1090 2130 1438 2195 interdum
1487 2133 1800 2213 παρῳὸετν
1851 2131 2082 2195 valeat
2131 2134 2488 2212 poetarum
2537 2133 2803 2193 senten·

451 2254 587 2319 tias
660 2255 769 2335 (cf.
844 2256 975 2319 335
1051 2254 1244 2334 sqq).
1346 2256 1605 2321 Audita
1682 2255 1885 2321 Chori
1961 2272 2126 2319 voce
2213 2258 2338 2331 (vs,
2425 2255 2554 2317 319
2631 2257 2805 2332 sqq.)

765 2380 895 2387 ——-

452 2430 551 2504 sit,
576 2449 726 2505 quae
754 2430 1044 2488 distracto
1074 2428 1363 2488 vocabulo
1395 2432 1519 2487 ὄνου
1551 2431 1877 2489 nascitur.’'
1925 2430 2127 2503 Quare
2157 2450 2213 2488 v.
2245 2429 2303 2487 d.
2337 2430 2394 2486 in
2427 2430 2582 2487 Plat.
2609 2430 2801 2502 Legg.

453 2527 553 2585 HI
613 2548 671 2605 p.
736 2528 849 2586 701
916 2525 963 2585 C
1008 2548 1125 2585 non
1184 2532 1295 2601 τὴν
1354 2534 1707 2585 τελευταίαν
1767 2538 2027 2605 περισπᾷ
2083 2533 2195 2584 ain-o
2245 2532 2344 2583 νοῦ
2391 2532 2590 2599 λέγων
2641 2526 2804 2589 (vide

452 2624 719 2684 scholion
796 2624 875 2683 ad
950 2629 1223 2685 nostrum
1299 2626 1535 2703 locum),
1614 2626 1725 2685 sed
1789 2627 1942 2703 legit
2003 2630 2114 2682 oin-6
2180 2644 2332 2690 τινος
2395 2627 2518 2681 ὄνου
2582 2628 2802 2681 πεσεῖν.

452 2722 774 2801 HauptiUS,
819 2742 997 2799 quem
1038 2723 1315 2782 Kockius
1357 2725 1650 2801 sequitur,
1696 2726 1811 2783 ita:
1862 2724 2016 2797 „Die
2061 2723 2377 2781 Annahme
2412 2722 2578 2781 eines
2605 2724 2804 2780 Wort-

453 2821 673 2898 spieles
739 2820 840 2878 ἀπ’
900 2822 1025 2878 ὄνου
1086 2821 1213 2880 und
1276 2826 1388 2879 oin-c>
1444 2821 1537 2880 νοῦ
1596 2823 1675 2881 ist
1732 2844 1886 2901 ganz
1939 2822 2302 2898 iinzulassig,
2347 2821 2426 2880 du
2469 2842 2602 2880 man
2647 2821 2801 2878 wohl

453 2939 641 2996 Sagen
701 2919 867 2978 kann
930 2919 1032 2977 ἀπ’
1088 2923 1211 2977 ὄνου
1269 2922 1489 2986 τεο-εἶν,
1545 2921 1690 2980 aber
1733 2923 1833 2979 nie
1876 2927 2096 2994 gesagt
2139 2920 2244 2978 hat
2286 2923 2396 2976 ain-c>
2441 2925 2539 2976 νοῦ
2581 2922 2798 2976 πεσεῖν.

452 3017 784 3076 Teuffelius
839 3024 1047 3076 contra
1100 3025 1379 3077 annotat:
1444 3019 1554 3092 „In
1608 3020 1738 3096 ipso
1781 3019 1892 3078 hoc
1935 3017 2254 3096 proverbio
2297 3036 2476 3093 saepe
2518 3017 2804 3075 videntur

455 3115 541 3172 ita
589 3115 805 3174 lusisse
860 3120 929 3174 ut
983 3119 1095 3172 oin-b
1151 3115 1245 3173 νοῦ
1290 3116 1744 3194 dispertirent.''
1808 3115 2092 3174 Afferunt
2133 3115 2461 3192 Berglerus
2503 3121 2566 3172 et
2607 3115 2801 3174 Brun-

454 3212 626 3271 ckius
666 3213 845 3272 huius
887 3211 1285 3290 amphiboliae
1329 3214 1671 3291 exemplum
1714 3233 1748 3272 e
1790 3214 1970 3288 Diog.
2016 3214 2219 3272 Laert.
2263 3213 2370 3288 (II,
2419 3215 2510 3286 11,
2561 3213 2726 3284 118):
2759 3215 2800 3269 ὦ

458 3313 715 3388 Κράτης,
760 3312 946 3375 δοκεῖς
987 3329 1081 3387 μοι
1112 3315 1324 3390 χρείαν
1356 3313 1520 3388 ἔχειν
1551 3317 1784 3385 ἱματίου
1830 3309 2093 3368 καινοῦ
2142 3308 2307 3390 (καὶ
2354 3307 2541 3390 νοῦ).
2575 3310 2804 3370 Similis

454 3408 617 3466 iocus
659 3408 821 3485 apud
862 3407 1151 3466 Plautum
1192 3409 1500 3468 invenitur
1539 3409 1693 3477 (Mil.
1727 3409 1822 3468 Gi.
1853 3409 1962 3468 IV.
1994 3410 2086 3482 7):
2124 3429 2260 3466 nam
2290 3409 2342 3466 si
2373 3407 2796 3466 abstinuissem

454 3524 491 3562 a
532 3523 689 3563 mare
730 3507 996 3580 (amare),
1041 3512 1153 3564 cet.
1200 3504 1291 3564 Of.
1335 3507 1497 3564 Plut.
1545 3506 1753 3584 Symp.
1799 3506 1884 3580 ΙΙ,
1933 3509 1982 3568 1,
2032 3508 2135 3564 13:
2183 3505 2798 3583 τήνδ-έμοῡσαν.

454 3601 866 3678 Leeuwenius‚
911 3605 1007 3661 cui
1050 3603 1261 3662 itidem
1306 3603 1598 3662 credibile
1640 3605 1886 3662 videtur
1913 3623 1946 3662 e
1975 3624 2117 3662 sono
2147 3604 2332 3662 simili
2361 3622 2576 3662 vocum
2604 3605 2800 3660 iocum

456 3719 586 3759 esse
639 3700 905 3776 ductum,
965 3707 1272 3779 comparat
1325 3701 1585 3760 facetam
1644 3701 2034 3760 locutionem:
2080 3703 2273 3775 αὐλὴ
2322 3721 2486 3778 τρις
2531 3698 2800 3780 (αὐλη-

458 3795 619 3878 τρὶς)
666 3797 927 3856 πεσοῦσα.
974 3799 1130 3873 κοινὴ
1177 3800 1333 3856 ἔστω
1378 3799 1611 3876 (Quint.
1653 3799 1797 3873 VII,
1841 3801 1908 3872 9;
1960 3799 2134 3874 Diog.
2181 3799 2384 3857 Laert.
2431 3799 2576 3858 VII.
2610 3801 2648 3874 ξ
2679 3801 2796 3876 62).

456 3894 635 3954 Tales
677 3897 815 3954 lusu
856 3897 1167 3956 literarum
1210 3902 1449 3956 exstare
1493 3898 1553 3955 in
1599 3898 1760 3956 omni
1793 3898 2002 3974 lingua
2029 3895 2425 3973 amphibolias
2453 3897 2801 3967 (aku.‹›·!i.s·‹·lw

469 3993 663 4070 Wiffl'v
740 4000 810 4052 ut
872 4015 907 4052 a
970 3993 1288 4054 Germanis
1350 4015 1794 4069 nonnumquam
1857 4000 2164 4068 vocantur,
2230 3994 2578 4051 calembomns·
2641 3995 2798 4071 apud

456 4089 948 4168 Franco-gallos),
1027 4089 1369 4165 cotidieque
1446 4090 1721 4164 inveniri,
1792 4109 1968 4148 nemo
2025 4090 2234 4147 nescit.
2321 4087 2564 4146 Addam
2618 4089 2801 4147 animi

458 4207 637 4247 causa
698 4187 1041 4264 exemplum
1102 4187 1347 4246 minime
1410 4188 1758 4262 antiquum:
1822 4191 1962 4263 post
2021 4184 2288 4244 fabulam
2351 4185 2682 4244 Ammona·
2742 4187 2800 4243 in

458 4284 690 4344 theatro
765 4285 988 4360 datam,
1066 4284 1231 4343 hisce
1306 4304 1389 4342 sc.
1466 4283 1856 4362 temporibus,
1934 4283 2090 4340 dixit
2149 4283 2486 4342 Germanus
2548 4283 2796 4358 aliquis:

460 4383 719 4456 „An-tile?
763 4385 811 4442 0
854 4401 951 4440 nee
964 4381 1021 4440 !’'
1067 4382 1391 4441 Praeterea
1432 4401 1550 4440 non
1594 4381 1788 4457 video,
1833 4401 1942 4439 cur
1983 4380 2210 4440 Graece
2240 4381 2362 4439 dici
2391 4400 2507 4438 non
2537 4381 2800 4458 potuerit

458 4481 569 4537 ain-b
625 4486 723 4537 νοῦ
776 4481 997 4546 πεσεῖν,
1057 4499 1193 4538 cum
1235 4480 1459 4556 optime
1501 4498 1632 4538 sese
1674 4477 1937 4537 habeant
1979 4479 2339 4536 locutiones:
2384 4481 2688 4535 ἐκπίπτειν
2731 4482 2797 4534 ἐκ

460 4583 565 4651 τῆς
626 4579 804 4654 δόξης
868 4577 1077 4656 (Isocr.
1141 4577 1196 4651 5,
1255 4576 1387 4654 64);
1446 4581 1577 4634 ἐκτ.
1636 4578 1750 4633 οἰκ-ὸ
1807 4583 1922 4633 τῶν
1985 4578 2240 4632 ἐλπίδων
2297 4574 2508 4652 (Thuc.
2566 4576 2620 4646 8,
2665 4575 2796 4652 81);

456 4679 763 4733 ἐκπλῶσαι
818 4679 885 4732 ἐκ
946 4681 1049 4732 τοῦ
1106 4678 1231 4731 νόου
1286 4674 1535 4736 (Herod.
1591 4675 1646 4750 6,
1695 4673 1823 4751 12);
1869 4677 2046 4730 ε’κτλ.
2094 4680 2210 4730 τῶν
2255 4672 2487 4750 φρενῶν
2529 4671 2698 4749 (Her.
2743 4674 2798 4730 3.

460 4775 617 4848 155),
662 4773 830 4832 aliae.
