3478 5737
1593 615 1674 677 37

453 807 539 872 ad
615 809 813 872 beate
889 805 1262 872 vivendum
1331 824 1406 871 se
1471 808 1622 889 ipsa
1689 824 1840 872 esse
1908 812 2352 892 contentam),
2428 813 2803 879 secundum

461 931 902 1012 Protagoram
947 935 1185 996 autem
1233 932 1600 997 nonnullos
1644 933 1952 998 iustitiae
2002 936 2583 1016 verecundiaeque
2623 939 2805 1002 exhe-

455 1057 656 1137 redes,
728 1055 845 1138 qui
916 1073 1002 1120 ex
1072 1056 1178 1120 dei
1253 1055 1812 1121 immisericordis
1875 1057 2230 1124 voluntate
2294 1060 2599 1125 damnati
2662 1062 2804 1127 sint

459 1183 536 1245 ut
582 1180 666 1244 dc
711 1180 996 1244 civitate
1045 1181 1239 1262 quasi
1274 1180 1500 1244 insani
1537 1181 1642 1244 vel
1676 1181 1947 1246 scelesti
1990 1184 2569 1267 exterminentur,
2612 1203 2801 1251 num-

455 1323 660 1384 quam
699 1323 890 1388 posse
933 1305 1292 1384 (δύνασθαι)
1338 1308 1606 1390 μετέχειν
1647 1307 1867 1379 αἰδοῦς
1906 1311 2007 1370 κτὶ
2042 1308 2240 1392 δίκης,
2272 1309 2317 1372 i.
2350 1327 2408 1372 O.
2437 1310 2803 1393 Virtutum,

454 1446 630 1510 quae
674 1429 756 1494 ad
809 1431 1008 1495 beate
1053 1431 1225 1495 inter
1269 1432 1434 1496 cives
1481 1431 1860 1496 vivendum
1908 1433 2053 1497 sint
2098 1434 2545 1498 necessariae.

544 1553 766 1618 Facile
834 1553 1262 1634 intellegitur
1305 1573 1426 1635 per
1473 1555 2009 1621 Bacchanalium
2061 1559 2373 1638 tempora
2420 1558 2492 1622 et
2538 1564 2797 1640 specta·

455 1679 721 1743 toribus
789 1678 862 1742 et
929 1678 1188 1742 comico
1261 1678 1430 1744 talia
1500 1680 2061 1763 philosophorum
2138 1682 2391 1762 placita
2452 1699 2585 1746 non
2652 1686 2795 1748 tam

453 1803 694 1866 idonea
763 1783 978 1866 videri
1034 1801 1118 1866 ad
1168 1801 1590 1866 hilaritatem
1637 1804 2065 1884 effusamque
2111 1805 2451 1870 laetitiam
2501 1807 2799 1871 excitan-

453 1925 610 1990 dam
657 1941 864 2005 quam
913 1938 1026 1989 τοῦ
1075 1923 1352 1990 ’Λόίκου
1400 1929 1626 2005 Λόγου
1673 1926 1795 1991 illa
1840 1933 1965 2004 (VS.
2020 1927 2250 2004 1078):

725 2062 850 2134 χρῶ
899 2045 976 2132 τῇ
1022 2052 1218 2132 φύσει,
1263 2052 1502 2132 σκίρτα,
1549 2049 1720 2130 γέλα,
1769 2051 1975 2132 νόμιζε
2022 2051 2215 2134 μηδὲν
2254 2055 2531 2136 αἰσχρόν.

547 2173 681 2238 Cur
751 2187 836 2259 τῷ
903 2175 1103 2256 ἀδίκῳ
1171 2191 1304 2240 non
1380 2175 1582 2240 liceat
1658 2212 1719 2220 —
1792 2175 1887 2238 sit
1948 2191 2067 2256 per
2130 2175 2457 2254 exiguum
2522 2179 2798 2240 tantum

459 2299 734 2378 ternpus
805 2335 884 2345 —-
953 2300 1150 2379 genio
1220 2299 1574 2380 indulgere
1621 2315 1767 2380 sue,
1814 2315 1895 2362 ac
1940 2299 2315 2363 consectari
2366 2298 2796 2379 felicitatem,

455 2439 630 2500 quae
699 2422 783 2503 ei,
846 2423 961 2502 qui
1011 2423 1325 2488 societati
1373 2439 1458 2486 ex
1505 2421 1730 2486 indole
1778 2439 1903 2486 sua
1950 2439 2230 2503 prorsus
2276 2425 2383 2487 est
2428 2440 2797 2487 accommo-

453 2546 674 2626 datus,
724 2547 767 2611 i.
802 2564 858 2612 e.
911 2565 1129 2628 neque
1179 2548 1386 2611 nimis
1431 2546 1692 2612 iustum
1734 2544 1777 2622 1)
1825 2564 2043 2626 neque
2091 2546 2297 2610 nimis
2344 2547 2679 2612 iniustum
2726 2565 2801 2612 se

455 2673 760 2754 praebet,
809 2673 881 2736 in
928 2673 1186 2754 gremio
1233 2671 1410 2736 solet
1458 2671 1664 2752 poni?
1711 2671 1846 2735 Cur
1894 2667 1971 2756 τῇ
2014 2673 2230 2754 ἀδικίᾳ
2298 2709 2352 2718 -
2409 2689 2616 2736 sensu
2660 2690 2795 2738 am-

453 2796 762 2878 plissimo
835 2814 1072 2862 vocem
1142 2796 1440 2880 accipias
1519 2834 1581 2842 —
1663 2812 1835 2879 opus
1904 2799 2011 2862 est
2079 2813 2348 2879 semper
2396 2796 2681 2862 latebris
2726 2813 2800 2862 se

452 2922 812 3003 occultare,
854 2940 938 2987 ne
969 2926 1326 3003 tamquam
1359 2924 1537 2995 νόσος
1563 2920 1801 2994 πόλεως
1828 2922 1911 2987 de
1936 2923 2225 2987 civitate
2250 2922 2797 2986 exterminetur?

456 3044 770 3111 Comicus
821 3064 978 3111 cum
1031 3050 1216 3111 esset
1271 3051 1504 3112 noster
1551 3064 1919 3126 rerumque
1962 3046 2429 3111 scaenicarum
2472 3046 2796 3125 peritissi-

455 3187 629 3250 mUS,
679 3188 1079 3251 persuasum
1119 3172 1244 3235 sibi
1285 3173 1595 3252 habebat,
1631 3171 1959 3251 neglectis
1990 3170 2309 3235 omuibus
2340 3170 2421 3233 de
2448 3170 2798 3234 societatis

454 3293 676 3359 salute
755 3294 956 3375 curis,
1039 3294 1296 3360 talibus
1381 3294 1950 3359 meditationibus
2034 3292 2427 3358 mortalium
2506 3298 2794 3373 menteS,

453 3418 828 3483 effrenatae
885 3418 1233 3485 libertatis
1287 3436 1815 3499 nunnumquam
1864 3418 2225 3498 studiosae,
2274 3434 2471 3496 posse
2518 3419 2795 3498 captari.

548 3542 1078 3625 „Praebueritne
1126 3560 1452 3624 umquam
1495 3542 1699 3607 alicui
1742 3542 2118 3607 utilitatem
2162 3546 2230 3604 τὸ
2256 3542 2689 3625 σωφρονεῑι·ἳ”
2714 3578 2790 3587 -

531 3718 579 3795 1)
642 3716 986 3777 Perfectam
1046 3718 1584 3793 intemeratamque
1649 3718 1947 3776 iustitiam
2001 3718 2063 3776 in
2106 3717 2395 3777 societate
2438 3715 2794 3795 imperfecta

451 3834 582 3873 sese
645 3815 805 3873 tueri
866 3835 984 3874 non
1039 3835 1230 3892 posse,
1275 3817 1411 3891 quis
1452 3836 1570 3874 non
1611 3836 1830 3892 magno
1875 3835 2011 3873 cum
2053 3813 2258 3874 dolore
2300 3835 2369 3873 ac
2411 3814 2791 3891 aegritudine

449 3912 798 3990 saepissime
841 3918 936 3971 est
975 3918 1277 3990 expertus,
1323 3913 1506 3973 Nulla
1537 3912 1813 3989 societas,
1837 3917 2047 3989 utpote
2070 3932 2142 3970 ex
2166 3911 2399 3971 civibus
2423 3910 2791 3988 imperfectis

451 4010 797 4087 composita,
861 4008 1130 4087 perfecta
1191 4029 1322 4069 esse
1383 4014 1600 4088 potest,
1663 4028 1866 4085 quare,
1912 4000 2413 4085 quemadmodum
2456 4010 2517 4067 in
2559 4009 2792 4067 Natura

451 4108 580 4185 ipsa
627 4107 848 4167 lineam
901 4113 1127 4167 rectam
1171 4108 1480 4185 ipsamque
1523 4108 1817 4166 iustitiam
1860 4106 2087 4165 frustra
2128 4107 2515 4182 quaesiveris,
2560 4108 2623 4165 in
2665 4108 2791 4165 vita

451 4204 754 4263 cotidiana
777 4224 1014 4282 semper
1037 4206 1328 4264 iustitiam
1353 4206 1652 4281 integram
1675 4204 2107 4263 desideramus.
2138 4204 2517 4263 Iustissimus
2538 4204 2791 4279 quisque

452 4302 642 4379 igitur
669 4300 958 4361 dimicare
981 4303 1220 4379 cogitur
1241 4322 1376 4360 cum
1398 4301 1659 4379 propriis
1681 4302 1951 4361 iustitiae
1972 4300 2526 4377 notionibu5,menti
2550 4302 2788 4377 innatiS,

449 4404 520 4458 ut
561 4417 692 4459 sese
724 4400 1134 4459 accommodet
1161 4400 1457 4457 virtutum
1478 4399 1881 4474 vitiorumque
1902 4398 2307 4476 permixtioni,
2332 4417 2513 4473 quam
2534 4398 2790 4457 societas

449 4496 650 4571 aliqua
717 4502 1021 4571 tamquam
1083 4497 1482 4555 necessariam
1545 4495 1705 4555 colit.
1780 4494 1849 4554 Si
1888 4496 2255 4553 iustissimus
2298 4495 2682 4569 tranquillam
2726 4496 2788 4553 in

449 4593 738 4652 societate
813 4594 1004 4652 vitam
1077 4591 1400 4671 posthabet
1475 4593 1676 4651 sensui
1758 4592 1847 4649 illi
1916 4591 2141 4669 divino,
2208 4592 2376 4651 cuius
2438 4591 2501 4649 in
2557 4592 2790 4651 iustitia

451 4690 720 4766 colenda,
761 4691 1058 4768 neglectis
1100 4690 1426 4767 doloribus,
1469 4690 1773 4767 particeps
1814 4688 1943 4748 fore
1984 4688 2103 4747 sibi
2146 4689 2405 4765 videtur,
2450 4688 2613 4747 haud
2653 4709 2786 4747 raro

451 4822 528 4831 —-
572 4787 731 4865 quod
771 4787 1136 4848 horrendum
1177 4822 1250 4830 ——
1295 4787 1548 4865 proinde
1591 4808 1660 4847 ac
1702 4787 1963 4847 iniustus
2005 4806 2038 4846 e
2082 4788 2327 4847 civitate
2369 4787 2709 4864 depellitur.
