3478 5737
1469 617 1596 683 129

450 807 580 872 Hic
625 808 970 873 obiectare
1016 809 1356 892 quispiam
1404 812 1661 893 poterit
1706 812 2175 895 Strepsiadem
2224 782 2289 879 h.
2326 815 2368 880 l.
2401 815 2705 881 Socratis

364 932 918 1014 explanationem
964 933 1295 999 cavillari.
1365 934 1492 1017 Qui
1538 940 1775 1001 autem
1821 936 1921 1001 sic
1966 936 2098 1001 sibi
2145 955 2291 1003 rem
2331 956 2703 1021 proponere

363 1056 568 1137 cupit,
631 1072 864 1121 secum
925 1060 1228 1140 reputet,
1286 1059 1620 1139 quomodo
1668 1058 1909 1125 rustici
1956 1064 2191 1143 partes
2234 1063 2322 1127 ab
2368 1062 2704 1128 histrione

363 1181 502 1243 sint
567 1180 888 1259 agendae.
982 1181 1151 1246 Tota
1217 1185 1456 1247 nostra
1516 1182 1749 1247 fabula
1810 1200 1937 1248 nos
1996 1183 2215 1267 docet,
2266 1185 2533 1268 histrio,
2583 1188 2697 1267 qui

362 1303 776 1387 Strepsiadis
835 1304 1124 1386 suscipit
1185 1310 1437 1389 partes¹
1487 1323 1636 1372 sese
1680 1307 2009 1388 praebeat
2050 1326 2329 1374 necesse
2374 1326 2525 1375 esse
2569 1330 2702 1376 cre-

359 1428 614 1511 dulum,
673 1430 1012 1512 stolidum,
1079 1432 1418 1513 ignarum,
1467 1432 1577 1496 hic
1623 1431 1765 1497 illic
1810 1434 2071 1513 autem,
2120 1437 2201 1498 ut
2244 1434 2695 1514 agricolarum

359 1557 480 1635 est,
549 1554 908 1635 paululum
970 1572 1178 1621 sanae
1240 1556 1528 1622 rationis
1586 1556 1981 1637 ingeniique
2028 1574 2191 1639 prae
2238 1574 2311 1623 se
2358 1560 2696 1625 ferentem

358 1678 711 1742 acuminis.
775 1677 848 1743 Si
894 1682 1129 1744 autem
1179 1680 1422 1744 histrio
1469 1680 1843 1745 identidem
1890 1681 1963 1745 et
2000 1681 2242 1747 habitu
2279 1682 2352 1747 et
2388 1684 2699 1763 gestibus

357 1802 786 1885 significaret,
833 1820 906 1867 se
953 1820 1088 1868 non
1140 1807 1283 1868 tam
1329 1804 1624 1869 stultum
1673 1822 1824 1869 esse
1860 1808 2070 1885 atque
2102 1805 2455 1871 credulum
2488 1823 2695 1887 quam

359 1925 568 1991 videri
639 1928 880 2007 possit,
948 1930 1116 1993 tunc
1185 1928 1334 1993 eius
1395 1928 1694 2011 partium
1758 1930 2175 2009 ambiguitas
2234 1930 2561 2013 efficeret,
2618 1936 2699 1997 ut

361 2050 862 2133 „subiectivae”
924 2052 1374 2133 oppositionis
1433 2053 1683 2118 damno
1752 2052 2174 2137 „Obiectiva”
2239 2054 2696 2134 negligeretur

355 2174 528 2249 (vide
566 2192 630 2256 p.
677 2176 802 2239 116
841 2178 1120 2255 notam).
1171 2176 1444 2241 Etenim
1491 2176 1960 2259 „subiectiva”
2000 2178 2335 2259 oppositio
2381 2180 2453 2243 in
2488 2182 2697 2243 mente

359 2302 614 2365 tantum
686 2303 920 2381 poetae
1000 2304 1199 2383 atque
1279 2304 1722 2385 spectatorum
1806 2302 2009 2366 inesse
2087 2302 2263 2367 debet
2328 2306 2391 2367 et
2460 2304 2696 2368 horum

354 2426 732 2505 capitationi
813 2426 895 2491 ab
979 2424 1294 2490 histrione
1371 2428 1466 2491 eet
1543 2426 1999 2507 relinquenda.
2116 2425 2547 2492 Obiectivam
2636 2428 2695 2491 si

355 2564 560 2626 quam
609 2549 910 2613 maxime
954 2551 1162 2629 auget
1209 2548 1473 2628 histriO,
1522 2548 1588 2612 h.
1637 2548 1678 2611 l.
1724 2548 2068 2613 credulum
2114 2566 2263 2614 sese
2310 2550 2695 2629 praebendo

352 2689 508 2752 erga
569 2672 1069 2755 philosophum,
1139 2672 1270 2737 sibi
1332 2674 1822 2754 imponentem,
1884 2710 1945 2718 -—
2004 2673 2210 2737 simul
2272 2673 2694 2740 subiectivae

351 2796 812 2877 oppositiones
855 2796 1249 2861 evidentius
1295 2796 1724 2861 exoriuntur.
1796 2796 1868 2861 Si
1915 2796 2131 2878 igitur
2188 2834 2250 2843 -
2304 2802 2379 2862 ut
2423 2802 2695 2881 oportet

355 2920 814 3002 „Obiectivae”
854 2921 1303 3002 oppositionis
1338 2921 1563 3002 gratia
1607 2959 1668 2968 —
1714 2920 2130 3003 Strepsiadis
2168 2923 2471 3003 partium
2502 2927 2694 2988 actor

348 3061 498 3109 sese
544 3062 822 3126 prorsus
868 3046 1208 3110 credulum
1253 3046 1871 3126 scrupulosumque
1917 3047 2218 3128 praebet,
2260 3046 2599 3128 Socratisq
2612 3065 2695 3113 ue

349 3169 648 3248 partium
713 3168 957 3233 histrio
1001 3169 1248 3234 serium
1293 3186 1366 3233 se
1412 3172 1723 3249 praestat
1772 3170 2203 3251 magistrum,
2254 3207 2335 3216 --
2386 3171 2567 3236 ultro
2614 3189 2694 3236 ac

351 3295 594 3373 sponte
653 3295 722 3357 in
782 3296 1226 3375 spectatorum
1262 3297 1494 3358 -mentc
1561 3292 2072 3377 „subiectivae”
2136 3311 2309 3373 quae
2360 3297 2695 3359 vocantur

347 3418 700 3482 exsistunt
745 3415 1228 3499 oppositiones,
1276 3434 1364 3481 ex
1411 3417 1661 3498 quibus
1707 3421 2069 3498 tamquam
2110 3418 2439 3500 primaria
2476 3419 2694 3484 oritur

347 3543 696 3608 sententia
767 3541 1106 3606 rusticum
1183 3559 1348 3606 suae
1409 3542 1840 3607 credulitatis
1902 3543 2216 3607 futurum
2278 3559 2429 3607 esse
2492 3543 2691 3607 victi-

345 3684 566 3748 mam3
635 3668 766 3732 hac
835 3665 1019 3732 enim
1089 3667 1286 3747 ratic,
1358 3684 1532 3747 quae
1601 3667 1956 3748 hucusque
2024 3666 2211 3730 inter
2269 3665 2573 3732 Socratis
2619 3669 2691 3731 et

345 3789 760 3874 Strepsiadis
803 3790 1170 3855 intercedit
1215 3795 1466 3874 partes,
1515 3795 1940 3872 spectatores
1987 3791 2121 3856 iam
2172 3790 2423 3856 docuit.

433 4043 473 4116 ἓ
517 4040 615 4104 13.
667 4038 810 4104 Iam
859 4039 941 4102 de
987 4037 1158 4118 ipsis
1187 4037 1354 4102 iocis
1385 4054 1750 4119 pergamus
1782 4035 2034 4101 videre.
2089 4037 2331 4121 ‚‚Sed,’'
2364 4037 2462 4102 sic
2495 4042 2687 4118 rogat

341 4163 662 4246 rusticuS,
733 4163 1116 4247 „undenam
1181 4163 1420 4226 venire
1479 4164 1699 4244 possit
1751 4166 1781 4224 ὁ
1830 4170 2148 4244 κεραυνὸς,
2194 4161 2465 4244 λάμπων
2515 4166 2689 4245 πυρί,

340 4287 410 4350 id
481 4305 586 4352 me
645 4287 910 4368 doceaS,
973 4303 1244 4367 quaeso.
1331 4302 1553 4352 τοῦτον
1613 4293 1734 4370 γὰρ
1798 4287 1874 4370 δὴ
1938 4300 2218 4370 φανερῶς
2284 4290 2315 4350 ὁ
2362 4292 2518 4360 Ζεὺς
2561 4285 2687 4372 ‘lvo'

337 4415 472 4476 ἐπὶ
541 4419 727 4486 τοὺς
786 4415 1246 4494 ἐπιόρκους.
1319 4413 1418 4478 En
1467 4412 1715 4494 opinio,
1768 4429 1939 4492 quae
1988 4413 2210 4477 adhuc
2257 4412 2687 4478 rusticellum

339 4537 546 4602 valde
589 4538 897 4603 vexavit.
947 4537 1019 4602 Si
1075 4537 1279 4602 huius
1330 4538 1428 4601 rei
1468 4554 1743 4602 omnem
1783 4537 2002 4616 possit
2033 4536 2367 4617 deponere
2400 4541 2687 4619 metum,

335 4679 560 4742 aequo
625 4663 857 4727 animo
920 4665 1227 4746 ἐπιορκεῖν
1287 4662 1348 4726 ei
1397 4660 1622 4726 liceat.
1695 4660 1937 4740 Itaque
1987 4661 2095 4724 hic
2144 4677 2411 4741 quoque
2460 4667 2691 4726 metus

338 4787 399 4851 ei
474 4791 584 4852 est
651 4787 1114 4852 excudendus.
1185 4787 1368 4851 Num
1437 4787 1656 4850 credis
1715 4785 2070 4850 Socratem
2132 4785 2339 4849 etiam
2405 4786 2476 4848 in
2539 4786 2690 4850 vita

2582 4905 2618 4960 9
