<?xml version="1.0" encoding="UTF-8"?>
<!DOCTYPE html PUBLIC "-//W3C//DTD XHTML 1.0 Transitional//EN"
    "http://www.w3.org/TR/xhtml1/DTD/xhtml1-transitional.dtd">
<html xmlns="http://www.w3.org/1999/xhtml" xml:lang="en" lang="en">
 <head>
  <title>
</title>
<meta http-equiv="Content-Type" content="text/html;charset=utf-8" />
  <meta name='ocr-system' content='tesseract 3.04.00' />
  <meta name='ocr-capabilities' content='ocr_page ocr_carea ocr_par ocr_line ocrx_word'/>
</head>
<body>
  <div class='ocr_page' id='page_1' title='image "./dearistophanisi00heldgoog_0057.png"; bbox 0 0 3478 5737; ppageno 0'>
   <div class='ocr_carea' id='block_1_1' title="bbox 1600 588 1681 651">
    <p class='ocr_par' dir='ltr' id='par_1_1' title="bbox 1600 588 1681 651">
     <span class='ocr_line' id='line_1_1' title="bbox 1600 588 1681 651; baseline 0 0"><span class='ocrx_word' id='word_1_1' title='bbox 1600 588 1681 651; x_wconf 89' lang='lat'>41</span> 
     </span>
    </p>
   </div>
   <div class='ocr_carea' id='block_1_2' title="bbox 463 767 2848 4834">
    <p class='ocr_par' dir='ltr' id='par_1_2' title="bbox 463 767 2807 869">
     <span class='ocr_line' id='line_1_2' title="bbox 463 767 2807 869; baseline 0 -22"><span class='ocrx_word' id='word_1_2' title='bbox 463 785 699 869; x_wconf 77' lang='grc' dir='ltr'><em>ἀρχαῖά</em></span> <span class='ocrx_word' id='word_1_3' title='bbox 744 810 867 863; x_wconf 68' lang='grc' dir='ltr'>γε..</span> <span class='ocrx_word' id='word_1_4' title='bbox 914 786 1069 865; x_wconf 57' lang='lat' dir='ltr'>etc„</span> <span class='ocrx_word' id='word_1_5' title='bbox 1124 800 1225 847; x_wconf 86' lang='lat' dir='ltr'>VS.</span> <span class='ocrx_word' id='word_1_6' title='bbox 1279 784 1487 849; x_wconf 82' lang='lat'>1000:</span> <span class='ocrx_word' id='word_1_7' title='bbox 1534 788 1585 847; x_wconf 73' lang='grc' dir='ltr'>εἶ</span> <span class='ocrx_word' id='word_1_8' title='bbox 1632 785 1834 863; x_wconf 79' lang='grc' dir='ltr'><em>ταῦτ’,</em></span> <span class='ocrx_word' id='word_1_9' title='bbox 1882 781 1932 847; x_wconf 82' lang='grc' dir='ltr'><em>ὦ</em></span> <span class='ocrx_word' id='word_1_10' title='bbox 1977 767 2318 867; x_wconf 46' lang='grc' dir='ltr'>μειράκια),</span> <span class='ocrx_word' id='word_1_11' title='bbox 2366 786 2554 848; x_wconf 68' lang='grc' dir='ltr'><strong><em>πείσει</em></strong></span> <span class='ocrx_word' id='word_1_12' title='bbox 2585 788 2807 867; x_wconf 69' lang='grc' dir='ltr'>τούτῳ,</span> 
     </span>
    </p>

    <p class='ocr_par' dir='ltr' id='par_1_3' title="bbox 537 907 1722 993">
     <span class='ocr_line' id='line_1_3' title="bbox 537 907 1722 993; baseline 0 -22"><span class='ocrx_word' id='word_1_13' title='bbox 537 957 552 970; x_wconf 91' lang='grc'><strong>.</strong></span> <span class='ocrx_word' id='word_1_14' title='bbox 600 957 614 971; x_wconf 94' lang='grc'><strong>.</strong></span> <span class='ocrx_word' id='word_1_15' title='bbox 663 911 769 971; x_wconf 78' lang='grc' dir='ltr'>καί</span> <span class='ocrx_word' id='word_1_16' title='bbox 816 931 877 971; x_wconf 75' lang='grc' dir='ltr'>σε</span> <span class='ocrx_word' id='word_1_17' title='bbox 925 907 1182 973; x_wconf 80' lang='grc' dir='ltr'><strong><em>καλοῦσι</em></strong></span> <span class='ocrx_word' id='word_1_18' title='bbox 1230 907 1722 993; x_wconf 81' lang='grc' dir='ltr'><strong><em>βλιτομάμμαν).</em></strong></span> 
     </span>
    </p>

    <p class='ocr_par' dir='ltr' id='par_1_4' title="bbox 468 1032 2834 2849">
     <span class='ocr_line' id='line_1_4' title="bbox 557 1032 2819 1117; baseline 0 -18"><span class='ocrx_word' id='word_1_19' title='bbox 557 1032 706 1114; x_wconf 80' lang='lat' dir='ltr'>Qua</span> <span class='ocrx_word' id='word_1_20' title='bbox 748 1034 1029 1099; x_wconf 86' lang='lat' dir='ltr'>tandem</span> <span class='ocrx_word' id='word_1_21' title='bbox 1077 1034 1147 1097; x_wconf 94' lang='lat' dir='ltr'>in</span> <span class='ocrx_word' id='word_1_22' title='bbox 1196 1050 1269 1099; x_wconf 88' lang='lat' dir='ltr'>re</span> <span class='ocrx_word' id='word_1_23' title='bbox 1314 1033 1672 1117; x_wconf 82' lang='lat' dir='ltr'>oppositiO,</span> <span class='ocrx_word' id='word_1_24' title='bbox 1720 1034 2006 1099; x_wconf 87' lang='lat' dir='ltr'>comicis</span> <span class='ocrx_word' id='word_1_25' title='bbox 2027 1034 2386 1099; x_wconf 83' lang='lat' dir='ltr'>effectibus</span> <span class='ocrx_word' id='word_1_26' title='bbox 2412 1036 2819 1115; x_wconf 84' lang='lat' dir='ltr'>necessaria,</span> 
     </span>
     <span class='ocr_line' id='line_1_5' title="bbox 469 1156 2823 1240; baseline 0 -17"><span class='ocrx_word' id='word_1_27' title='bbox 469 1157 697 1240; x_wconf 83' lang='lat' dir='ltr'>posita</span> <span class='ocrx_word' id='word_1_28' title='bbox 764 1161 872 1223; x_wconf 89' lang='lat' dir='ltr'>est</span> <span class='ocrx_word' id='word_1_29' title='bbox 939 1158 1007 1221; x_wconf 92' lang='lat' dir='ltr'>in</span> <span class='ocrx_word' id='word_1_30' title='bbox 1079 1156 1199 1221; x_wconf 89' lang='lat' dir='ltr'>illa</span> <span class='ocrx_word' id='word_1_31' title='bbox 1264 1158 1437 1223; x_wconf 86' lang='lat' dir='ltr'>Iusti</span> <span class='ocrx_word' id='word_1_32' title='bbox 1499 1158 2146 1238; x_wconf 82' lang='lat' dir='ltr'>argumentatione?</span> <span class='ocrx_word' id='word_1_33' title='bbox 2212 1157 2545 1223; x_wconf 77' lang='lat' dir='ltr'>Consistit</span> <span class='ocrx_word' id='word_1_34' title='bbox 2601 1159 2672 1223; x_wconf 90' lang='lat' dir='ltr'>in</span> <span class='ocrx_word' id='word_1_35' title='bbox 2721 1176 2823 1239; x_wconf 82' lang='lat' dir='ltr'>ee,</span> 
     </span>
     <span class='ocr_line' id='line_1_6' title="bbox 468 1281 2823 1363; baseline 0 -17"><span class='ocrx_word' id='word_1_36' title='bbox 468 1282 646 1363; x_wconf 91' lang='lat' dir='ltr'>quod</span> <span class='ocrx_word' id='word_1_37' title='bbox 712 1298 985 1347; x_wconf 89' lang='lat' dir='ltr'>summa</span> <span class='ocrx_word' id='word_1_38' title='bbox 1045 1281 1385 1361; x_wconf 85' lang='lat' dir='ltr'>gravitate</span> <span class='ocrx_word' id='word_1_39' title='bbox 1448 1298 1527 1346; x_wconf 90' lang='lat' dir='ltr'>ac</span> <span class='ocrx_word' id='word_1_40' title='bbox 1588 1284 1967 1347; x_wconf 87' lang='lat' dir='ltr'>severitate</span> <span class='ocrx_word' id='word_1_41' title='bbox 2012 1300 2168 1347; x_wconf 87' lang='lat' dir='ltr'>cum</span> <span class='ocrx_word' id='word_1_42' title='bbox 2219 1286 2252 1345; x_wconf 87' lang='grc' dir='ltr'>ὁ</span> <span class='ocrx_word' id='word_1_43' title='bbox 2305 1285 2557 1357; x_wconf 78' lang='grc' dir='ltr'><strong><em>Δίκαιος</em></strong></span> <span class='ocrx_word' id='word_1_44' title='bbox 2605 1284 2823 1361; x_wconf 74' lang='grc' dir='ltr'><strong><em>Λόγος</em></strong></span> 
     </span>
     <span class='ocr_line' id='line_1_7' title="bbox 468 1402 2825 1489; baseline 0.001 -20"><span class='ocrx_word' id='word_1_45' title='bbox 468 1421 667 1469; x_wconf 88' lang='lat' dir='ltr'>suam</span> <span class='ocrx_word' id='word_1_46' title='bbox 723 1402 855 1469; x_wconf 86' lang='lat' dir='ltr'>sibi</span> <span class='ocrx_word' id='word_1_47' title='bbox 903 1403 1220 1469; x_wconf 88' lang='lat' dir='ltr'>videatur</span> <span class='ocrx_word' id='word_1_48' title='bbox 1264 1403 1626 1469; x_wconf 87' lang='lat' dir='ltr'>defendere</span> <span class='ocrx_word' id='word_1_49' title='bbox 1672 1405 2128 1487; x_wconf 83' lang='lat' dir='ltr'>disciplinam,</span> <span class='ocrx_word' id='word_1_50' title='bbox 2177 1410 2416 1471; x_wconf 86' lang='lat' dir='ltr'>contra</span> <span class='ocrx_word' id='word_1_51' title='bbox 2461 1408 2658 1489; x_wconf 77' lang='lat' dir='ltr'>quasi</span> <span class='ocrx_word' id='word_1_52' title='bbox 2701 1408 2825 1472; x_wconf 76' lang='lat' dir='ltr'>sibi</span> 
     </span>
     <span class='ocr_line' id='line_1_8' title="bbox 470 1528 2816 1611; baseline 0.001 -18"><span class='ocrx_word' id='word_1_53' title='bbox 470 1546 603 1593; x_wconf 77' lang='lat' dir='ltr'>non</span> <span class='ocrx_word' id='word_1_54' title='bbox 648 1528 937 1594; x_wconf 72' lang='lat' dir='ltr'>conscius</span> <span class='ocrx_word' id='word_1_55' title='bbox 988 1528 1213 1593; x_wconf 88' lang='lat' dir='ltr'>utitur</span> <span class='ocrx_word' id='word_1_56' title='bbox 1260 1544 1395 1593; x_wconf 85' lang='lat' dir='ltr'>non</span> <span class='ocrx_word' id='word_1_57' title='bbox 1446 1528 1663 1594; x_wconf 87' lang='lat' dir='ltr'>solum</span> <span class='ocrx_word' id='word_1_58' title='bbox 1718 1529 2011 1594; x_wconf 88' lang='lat' dir='ltr'>minutis</span> <span class='ocrx_word' id='word_1_59' title='bbox 2055 1532 2128 1594; x_wconf 89' lang='lat' dir='ltr'>et</span> <span class='ocrx_word' id='word_1_60' title='bbox 2173 1529 2424 1595; x_wconf 90' lang='lat' dir='ltr'>ieiunis</span> <span class='ocrx_word' id='word_1_61' title='bbox 2470 1531 2608 1611; x_wconf 90' lang='lat' dir='ltr'>sod,</span> <span class='ocrx_word' id='word_1_62' title='bbox 2641 1531 2816 1610; x_wconf 92' lang='lat' dir='ltr'>quod</span> 
     </span>
     <span class='ocr_line' id='line_1_9' title="bbox 472 1651 2824 1734; baseline 0.002 -19"><span class='ocrx_word' id='word_1_63' title='bbox 472 1651 753 1732; x_wconf 88' lang='lat' dir='ltr'>gravius</span> <span class='ocrx_word' id='word_1_64' title='bbox 820 1656 949 1732; x_wconf 84' lang='lat' dir='ltr'>est,</span> <span class='ocrx_word' id='word_1_65' title='bbox 1010 1651 1343 1716; x_wconf 86' lang='lat' dir='ltr'>eiusmodi</span> <span class='ocrx_word' id='word_1_66' title='bbox 1390 1652 1818 1733; x_wconf 79' lang='lat' dir='ltr'>argumentis</span> <span class='ocrx_word' id='word_1_67' title='bbox 1863 1658 1935 1719; x_wconf 87' lang='lat' dir='ltr'>et</span> <span class='ocrx_word' id='word_1_68' title='bbox 1981 1654 2598 1734; x_wconf 77' lang='lat' dir='ltr'>observationibuS,</span> <span class='ocrx_word' id='word_1_69' title='bbox 2648 1671 2824 1734; x_wconf 88' lang='lat' dir='ltr'>quae</span> 
     </span>
     <span class='ocr_line' id='line_1_10' title="bbox 474 1774 2825 1857; baseline 0.001 -18"><span class='ocrx_word' id='word_1_70' title='bbox 474 1775 795 1857; x_wconf 80' lang='lat' dir='ltr'><strong>inprimis</strong></span> <span class='ocrx_word' id='word_1_71' title='bbox 824 1775 909 1839; x_wconf 88' lang='lat' dir='ltr'>ad</span> <span class='ocrx_word' id='word_1_72' title='bbox 950 1774 1251 1855; x_wconf 90' lang='lat' dir='ltr'>corporis</span> <span class='ocrx_word' id='word_1_73' title='bbox 1289 1776 1767 1857; x_wconf 87' lang='lat' dir='ltr'>voluptatibus</span> <span class='ocrx_word' id='word_1_74' title='bbox 1791 1777 2232 1841; x_wconf 87' lang='lat' dir='ltr'>serviendum</span> <span class='ocrx_word' id='word_1_75' title='bbox 2255 1779 2424 1842; x_wconf 90' lang='lat' dir='ltr'>sunt</span> <span class='ocrx_word' id='word_1_76' title='bbox 2448 1778 2825 1857; x_wconf 87' lang='lat' dir='ltr'>destinata;</span> 
     </span>
     <span class='ocr_line' id='line_1_11' title="bbox 476 1897 2828 1982; baseline 0.001 -19"><span class='ocrx_word' id='word_1_77' title='bbox 476 1897 707 1979; x_wconf 82' lang='lat' dir='ltr'>qualia</span> <span class='ocrx_word' id='word_1_78' title='bbox 752 1902 951 1963; x_wconf 86' lang='lat' dir='ltr'>tanta</span> <span class='ocrx_word' id='word_1_79' title='bbox 994 1898 1385 1963; x_wconf 75' lang='lat' dir='ltr'><strong>attentione</strong></span> <span class='ocrx_word' id='word_1_80' title='bbox 1428 1904 1638 1979; x_wconf 87' lang='lat' dir='ltr'>atque</span> <span class='ocrx_word' id='word_1_81' title='bbox 1686 1900 1914 1964; x_wconf 85' lang='lat' dir='ltr'>studio</span> <span class='ocrx_word' id='word_1_82' title='bbox 1961 1918 2004 1965; x_wconf 82' lang='lat' dir='ltr'>a</span> <span class='ocrx_word' id='word_1_83' title='bbox 2049 1916 2258 1965; x_wconf 85' lang='lat' dir='ltr'>cavea</span> <span class='ocrx_word' id='word_1_84' title='bbox 2295 1918 2568 1965; x_wconf 81' lang='lat' dir='ltr'>sumina</span> <span class='ocrx_word' id='word_1_85' title='bbox 2599 1902 2828 1982; x_wconf 80' lang='lat' dir='ltr'>excipi</span> 
     </span>
     <span class='ocr_line' id='line_1_12' title="bbox 475 2021 2830 2106; baseline 0 -19"><span class='ocrx_word' id='word_1_86' title='bbox 475 2022 702 2087; x_wconf 89' lang='lat' dir='ltr'>solent</span> <span class='ocrx_word' id='word_1_87' title='bbox 766 2024 865 2103; x_wconf 91' lang='lat' dir='ltr'>ut,</span> <span class='ocrx_word' id='word_1_88' title='bbox 928 2021 1427 2103; x_wconf 73' lang='lat' dir='ltr'>inexspectatis</span> <span class='ocrx_word' id='word_1_89' title='bbox 1487 2023 1972 2088; x_wconf 82' lang='lat' dir='ltr'>accedentibus</span> <span class='ocrx_word' id='word_1_90' title='bbox 2018 2022 2581 2106; x_wconf 82' lang='lat' dir='ltr'>oppositionibus,</span> <span class='ocrx_word' id='word_1_91' title='bbox 2631 2024 2830 2088; x_wconf 79' lang='lat' dir='ltr'>facile</span> 
     </span>
     <span class='ocr_line' id='line_1_13' title="bbox 477 2146 2824 2229; baseline 0 -19"><span class='ocrx_word' id='word_1_92' title='bbox 477 2149 805 2211; x_wconf 86' lang='lat' dir='ltr'>moveant</span> <span class='ocrx_word' id='word_1_93' title='bbox 896 2146 1283 2211; x_wconf 85' lang='lat' dir='ltr'>cachinnos.</span> <span class='ocrx_word' id='word_1_94' title='bbox 1378 2147 1651 2211; x_wconf 85' lang='lat' dir='ltr'>Dixeris</span> <span class='ocrx_word' id='word_1_95' title='bbox 1736 2150 2006 2213; x_wconf 89' lang='lat' dir='ltr'>castum</span> <span class='ocrx_word' id='word_1_96' title='bbox 2099 2150 2171 2212; x_wconf 90' lang='lat' dir='ltr'>et</span> <span class='ocrx_word' id='word_1_97' title='bbox 2238 2147 2562 2229; x_wconf 88' lang='lat' dir='ltr'>pudicum</span> <span class='ocrx_word' id='word_1_98' title='bbox 2633 2147 2824 2212; x_wconf 84' lang='lat' dir='ltr'>illum</span> 
     </span>
     <span class='ocr_line' id='line_1_14' title="bbox 484 2269 2826 2354; baseline 0 -19"><span class='ocrx_word' id='word_1_99' title='bbox 484 2274 765 2348; x_wconf 73' lang='grc' dir='ltr'><strong><em>Δίκαιον,</em></strong></span> <span class='ocrx_word' id='word_1_100' title='bbox 812 2269 929 2350; x_wconf 91' lang='lat' dir='ltr'>qui</span> <span class='ocrx_word' id='word_1_101' title='bbox 976 2270 1227 2351; x_wconf 90' lang='lat' dir='ltr'>omnia,</span> <span class='ocrx_word' id='word_1_102' title='bbox 1277 2287 1453 2351; x_wconf 87' lang='lat' dir='ltr'>quae</span> <span class='ocrx_word' id='word_1_103' title='bbox 1498 2270 1737 2335; x_wconf 84' lang='lat' dir='ltr'>referri</span> <span class='ocrx_word' id='word_1_104' title='bbox 1786 2275 2078 2353; x_wconf 90' lang='lat' dir='ltr'>possunt</span> <span class='ocrx_word' id='word_1_105' title='bbox 2121 2272 2205 2336; x_wconf 89' lang='lat' dir='ltr'>ad</span> <span class='ocrx_word' id='word_1_106' title='bbox 2253 2272 2552 2354; x_wconf 89' lang='lat' dir='ltr'>corporis</span> <span class='ocrx_word' id='word_1_107' title='bbox 2599 2272 2826 2353; x_wconf 88' lang='lat' dir='ltr'>volup-</span> 
     </span>
     <span class='ocr_line' id='line_1_15' title="bbox 481 2394 2830 2477; baseline -0 -15"><span class='ocrx_word' id='word_1_108' title='bbox 481 2400 720 2477; x_wconf 89' lang='lat' dir='ltr'>tatem,</span> <span class='ocrx_word' id='word_1_109' title='bbox 780 2412 822 2460; x_wconf 89' lang='lat' dir='ltr'>a</span> <span class='ocrx_word' id='word_1_110' title='bbox 868 2395 1232 2460; x_wconf 89' lang='lat' dir='ltr'>iuventute</span> <span class='ocrx_word' id='word_1_111' title='bbox 1279 2394 1617 2461; x_wconf 84' lang='lat' dir='ltr'>removeri</span> <span class='ocrx_word' id='word_1_112' title='bbox 1665 2398 1978 2477; x_wconf 87' lang='lat' dir='ltr'>oportere</span> <span class='ocrx_word' id='word_1_113' title='bbox 2026 2400 2322 2477; x_wconf 84' lang='lat' dir='ltr'>censeat,</span> <span class='ocrx_word' id='word_1_114' title='bbox 2369 2397 2656 2461; x_wconf 85' lang='lat' dir='ltr'>minime</span> <span class='ocrx_word' id='word_1_115' title='bbox 2701 2397 2830 2461; x_wconf 91' lang='lat' dir='ltr'>sibi</span> 
     </span>
     <span class='ocr_line' id='line_1_16' title="bbox 479 2519 2826 2602; baseline -0 -16"><span class='ocrx_word' id='word_1_116' title='bbox 479 2524 816 2601; x_wconf 81' lang='lat' dir='ltr'>constare,</span> <span class='ocrx_word' id='word_1_117' title='bbox 890 2519 969 2602; x_wconf 91' lang='lat' dir='ltr'>si,</span> <span class='ocrx_word' id='word_1_118' title='bbox 1039 2519 1201 2585; x_wconf 89' lang='lat' dir='ltr'>data</span> <span class='ocrx_word' id='word_1_119' title='bbox 1257 2536 1461 2602; x_wconf 88' lang='lat' dir='ltr'>opera</span> <span class='ocrx_word' id='word_1_120' title='bbox 1509 2520 1721 2585; x_wconf 92' lang='lat' dir='ltr'>nullis</span> <span class='ocrx_word' id='word_1_121' title='bbox 1768 2520 2183 2585; x_wconf 86' lang='lat' dir='ltr'>velamentis</span> <span class='ocrx_word' id='word_1_122' title='bbox 2227 2520 2556 2586; x_wconf 84' lang='lat' dir='ltr'>adhibitis</span> <span class='ocrx_word' id='word_1_123' title='bbox 2600 2538 2826 2585; x_wconf 87' lang='lat' dir='ltr'>coram</span> 
     </span>
     <span class='ocr_line' id='line_1_17' title="bbox 480 2644 2834 2726; baseline -0 -15"><span class='ocrx_word' id='word_1_124' title='bbox 480 2646 851 2711; x_wconf 84' lang='lat' dir='ltr'>iuvenibus</span> <span class='ocrx_word' id='word_1_125' title='bbox 938 2644 1127 2726; x_wconf 83' lang='lat' dir='ltr'>ipsis,</span> <span class='ocrx_word' id='word_1_126' title='bbox 1210 2662 1337 2709; x_wconf 89' lang='lat' dir='ltr'>sua</span> <span class='ocrx_word' id='word_1_127' title='bbox 1404 2648 1813 2726; x_wconf 87' lang='lat' dir='ltr'>argumenta</span> <span class='ocrx_word' id='word_1_128' title='bbox 1881 2645 2476 2711; x_wconf 85' lang='lat' dir='ltr'>observationibus</span> <span class='ocrx_word' id='word_1_129' title='bbox 2543 2645 2834 2711; x_wconf 86' lang='lat' dir='ltr'>sordidis</span> 
     </span>
     <span class='ocr_line' id='line_1_18' title="bbox 480 2749 1809 2849; baseline -0.002 -14"><span class='ocrx_word' id='word_1_130' title='bbox 480 2749 829 2835; x_wconf 76' lang='lat' dir='ltr'>illust-rare</span> <span class='ocrx_word' id='word_1_131' title='bbox 874 2767 1077 2833; x_wconf 89' lang='lat' dir='ltr'>avide</span> <span class='ocrx_word' id='word_1_132' title='bbox 1123 2768 1333 2849; x_wconf 88' lang='lat' dir='ltr'>cupit.</span> <span class='ocrx_word' id='word_1_133' title='bbox 1382 2768 1809 2833; x_wconf 87' lang='lat' dir='ltr'>Audiamus:</span> 
     </span>
    </p>

    <p class='ocr_par' dir='ltr' id='par_1_5' title="bbox 574 2891 2830 2979">
     <span class='ocr_line' id='line_1_19' title="bbox 574 2891 2830 2979; baseline 0 -21"><span class='ocrx_word' id='word_1_134' title='bbox 574 2913 674 2960; x_wconf 90' lang='lat' dir='ltr'>vs.</span> <span class='ocrx_word' id='word_1_135' title='bbox 724 2894 907 2959; x_wconf 83' lang='lat'><strong>966.:</strong></span> <span class='ocrx_word' id='word_1_136' title='bbox 961 2891 1181 2976; x_wconf 89' lang='lat' dir='ltr'>„Olim</span> <span class='ocrx_word' id='word_1_137' title='bbox 1238 2894 1430 2974; x_wconf 89' lang='lat' dir='ltr'>pueri</span> <span class='ocrx_word' id='word_1_138' title='bbox 1477 2896 1540 2958; x_wconf 70' lang='lat' dir='ltr'>zv</span> <span class='ocrx_word' id='word_1_139' title='bbox 1589 2903 1958 2978; x_wconf 72' lang='grc' dir='ltr'><strong><em>κιθαριστοῦ</em></strong></span> <span class='ocrx_word' id='word_1_140' title='bbox 2007 2895 2338 2960; x_wconf 78' lang='lat' dir='ltr'>sedebant</span> <span class='ocrx_word' id='word_1_141' title='bbox 2383 2899 2470 2960; x_wconf 79' lang='grc' dir='ltr'>τὼ</span> <span class='ocrx_word' id='word_1_142' title='bbox 2517 2901 2696 2979; x_wconf 80' lang='grc' dir='ltr'>μηρὼ</span> <span class='ocrx_word' id='word_1_143' title='bbox 2746 2901 2830 2978; x_wconf 71' lang='grc' dir='ltr'>μὴ</span> 
     </span>
    </p>

    <p class='ocr_par' dir='ltr' id='par_1_6' title="bbox 937 3011 1383 3102">
     <span class='ocr_line' id='line_1_20' title="bbox 937 3011 1383 3102; baseline -0.004 -21"><span class='ocrx_word' id='word_1_144' title='bbox 937 3017 1300 3102; x_wconf 75' lang='grc' dir='ltr'>ξυνέχοντες</span> <span class='ocrx_word' id='word_1_145' title='bbox 1318 3011 1383 3079; x_wconf 79' lang='lat'>.&#39;”</span> 
     </span>
    </p>

    <p class='ocr_par' dir='ltr' id='par_1_7' title="bbox 486 3141 2836 3471">
     <span class='ocr_line' id='line_1_21' title="bbox 574 3141 2834 3226; baseline 0 -18"><span class='ocrx_word' id='word_1_146' title='bbox 574 3161 677 3208; x_wconf 77' lang='lat' dir='ltr'>vs,</span> <span class='ocrx_word' id='word_1_147' title='bbox 736 3141 903 3206; x_wconf 87' lang='lat'><strong>973:</strong></span> <span class='ocrx_word' id='word_1_148' title='bbox 972 3141 1092 3226; x_wconf 90' lang='lat' dir='ltr'>„In</span> <span class='ocrx_word' id='word_1_149' title='bbox 1140 3143 1481 3225; x_wconf 87' lang='lat' dir='ltr'>palaestra</span> <span class='ocrx_word' id='word_1_150' title='bbox 1527 3159 1645 3208; x_wconf 85' lang='lat' dir='ltr'>eos</span> <span class='ocrx_word' id='word_1_151' title='bbox 1688 3142 1926 3206; x_wconf 92' lang='lat' dir='ltr'>sedere</span> <span class='ocrx_word' id='word_1_152' title='bbox 1973 3143 2337 3223; x_wconf 85' lang='lat' dir='ltr'>oportebat</span> <span class='ocrx_word' id='word_1_153' title='bbox 2385 3144 2642 3208; x_wconf 82' lang='lat' dir='ltr'>femore</span> <span class='ocrx_word' id='word_1_154' title='bbox 2689 3161 2834 3225; x_wconf 87' lang='lat' dir='ltr'>pro·</span> 
     </span>
     <span class='ocr_line' id='line_1_22' title="bbox 486 3264 2836 3351; baseline 0 -19"><span class='ocrx_word' id='word_1_155' title='bbox 486 3273 703 3349; x_wconf 76' lang='lat' dir='ltr'>tenso,</span> <span class='ocrx_word' id='word_1_156' title='bbox 771 3264 941 3340; x_wconf 71' lang='grc' dir='ltr'>ὅπως</span> <span class='ocrx_word' id='word_1_157' title='bbox 988 3281 1116 3342; x_wconf 79' lang='grc' dir='ltr'>τοῖς</span> <span class='ocrx_word' id='word_1_158' title='bbox 1164 3267 1392 3342; x_wconf 67' lang='grc' dir='ltr'><em>ἔξωθεν</em></span> <span class='ocrx_word' id='word_1_159' title='bbox 1440 3269 1633 3351; x_wconf 73' lang='grc' dir='ltr'><strong><em>μηδὲν</em></strong></span> <span class='ocrx_word' id='word_1_160' title='bbox 1684 3267 1943 3341; x_wconf 68' lang='grc' dir='ltr'>δείξειαν</span> <span class='ocrx_word' id='word_1_161' title='bbox 1993 3267 2292 3348; x_wconf 77' lang='grc' dir='ltr'>ἀπηνές.”</span> <span class='ocrx_word' id='word_1_162' title='bbox 2358 3269 2836 3344; x_wconf 75' lang='lat' dir='ltr'>(Lessuwenius</span> 
     </span>
     <span class='ocr_line' id='line_1_23' title="bbox 486 3391 1121 3471; baseline 0 -15"><span class='ocrx_word' id='word_1_163' title='bbox 486 3391 773 3458; x_wconf 87' lang='lat' dir='ltr'>coniecit</span> <span class='ocrx_word' id='word_1_164' title='bbox 823 3393 1121 3471; x_wconf 71' lang='grc' dir='ltr'>ἀγεννές).</span> 
     </span>
    </p>

    <p class='ocr_par' dir='ltr' id='par_1_8' title="bbox 486 3515 2844 4079">
     <span class='ocr_line' id='line_1_24' title="bbox 576 3515 2839 3601; baseline -0.001 -21"><span class='ocrx_word' id='word_1_165' title='bbox 576 3515 693 3580; x_wconf 89' lang='lat' dir='ltr'>Vs.</span> <span class='ocrx_word' id='word_1_166' title='bbox 740 3516 870 3581; x_wconf 57' lang='lat'>955</span> <span class='ocrx_word' id='word_1_167' title='bbox 922 3515 1244 3601; x_wconf 78' lang='lat' dir='ltr'>„Quando</span> <span class='ocrx_word' id='word_1_168' title='bbox 1289 3519 1669 3598; x_wconf 78' lang='lat' dir='ltr'>surgerent,</span> <span class='ocrx_word' id='word_1_169' title='bbox 1716 3533 1998 3580; x_wconf 88' lang='lat' dir='ltr'>arenam</span> <span class='ocrx_word' id='word_1_170' title='bbox 2038 3531 2440 3580; x_wconf 86' lang='lat' dir='ltr'>converrere</span> <span class='ocrx_word' id='word_1_171' title='bbox 2478 3515 2839 3594; x_wconf 84' lang='lat' dir='ltr'>debebant,</span> 
     </span>
     <span class='ocr_line' id='line_1_25' title="bbox 486 3638 2840 3724; baseline -0.002 -18"><span class='ocrx_word' id='word_1_172' title='bbox 486 3657 573 3706; x_wconf 91' lang='lat' dir='ltr'>ne</span> <span class='ocrx_word' id='word_1_173' title='bbox 641 3641 1027 3706; x_wconf 84' lang='lat' dir='ltr'>amatores”</span> <span class='ocrx_word' id='word_1_174' title='bbox 1097 3642 1227 3704; x_wconf 88' lang='lat' dir='ltr'>etc.</span> <span class='ocrx_word' id='word_1_175' title='bbox 1320 3639 1549 3724; x_wconf 79' lang='lat' dir='ltr'>„Infra</span> <span class='ocrx_word' id='word_1_176' title='bbox 1619 3638 2020 3704; x_wconf 87' lang='lat' dir='ltr'>umbilicum</span> <span class='ocrx_word' id='word_1_177' title='bbox 2093 3638 2285 3702; x_wconf 89' lang='lat' dir='ltr'>nulla</span> <span class='ocrx_word' id='word_1_178' title='bbox 2357 3640 2609 3718; x_wconf 90' lang='lat' dir='ltr'>unctio,</span> <span class='ocrx_word' id='word_1_179' title='bbox 2659 3638 2840 3703; x_wconf 87' lang='lat' dir='ltr'>unde</span> 
     </span>
     <span class='ocr_line' id='line_1_26' title="bbox 495 3757 2844 3849; baseline -0.001 -21"><span class='ocrx_word' id='word_1_180' title='bbox 495 3765 711 3849; x_wconf 81' lang='grc' dir='ltr'><strong><em>δρόσος</em></strong></span> <span class='ocrx_word' id='word_1_181' title='bbox 748 3765 864 3829; x_wconf 91' lang='lat' dir='ltr'>ille</span> <span class='ocrx_word' id='word_1_182' title='bbox 903 3769 1007 3829; x_wconf 78' lang='grc' dir='ltr'>καὶ</span> <span class='ocrx_word' id='word_1_183' title='bbox 1052 3757 1277 3849; x_wconf 66' lang='grc' dir='ltr'><strong><em>χνοῦς]</em></strong></span> <span class='ocrx_word' id='word_1_184' title='bbox 1325 3763 1750 3830; x_wconf 90' lang='lat' dir='ltr'>Cenantibus</span> <span class='ocrx_word' id='word_1_185' title='bbox 1798 3763 2028 3845; x_wconf 86' lang='lat' dir='ltr'>pueris</span> <span class='ocrx_word' id='word_1_186' title='bbox 2059 3778 2194 3826; x_wconf 91' lang='lat' dir='ltr'>non</span> <span class='ocrx_word' id='word_1_187' title='bbox 2228 3762 2478 3827; x_wconf 86' lang='lat' dir='ltr'>licebat</span> <span class='ocrx_word' id='word_1_188' title='bbox 2509 3779 2594 3826; x_wconf 91' lang='lat' dir='ltr'>ne</span> <span class='ocrx_word' id='word_1_189' title='bbox 2636 3764 2844 3844; x_wconf 88' lang='lat' dir='ltr'>caput</span> 
     </span>
     <span class='ocr_line' id='line_1_27' title="bbox 496 3886 2839 3971; baseline -0.002 -16"><span class='ocrx_word' id='word_1_190' title='bbox 496 3889 773 3970; x_wconf 87' lang='lat' dir='ltr'>quidem</span> <span class='ocrx_word' id='word_1_191' title='bbox 842 3889 1127 3970; x_wconf 86' lang='lat' dir='ltr'>raphani</span> <span class='ocrx_word' id='word_1_192' title='bbox 1196 3889 1549 3953; x_wconf 88' lang='lat' dir='ltr'>sumere!’&#39;</span> <span class='ocrx_word' id='word_1_193' title='bbox 1644 3887 1758 3953; x_wconf 86' lang='lat' dir='ltr'>Sic</span> <span class='ocrx_word' id='word_1_194' title='bbox 1829 3889 2454 3971; x_wconf 71' lang='grc' dir='ltr'><strong><em>Μαραθωνομάχους</em></strong></span> <span class='ocrx_word' id='word_1_195' title='bbox 2497 3886 2839 3951; x_wconf 75' lang='lat' dir='ltr'>educavit,</span> 
     </span>
     <span class='ocr_line' id='line_1_28' title="bbox 498 4011 993 4079; baseline -0.006 0"><span class='ocrx_word' id='word_1_196' title='bbox 498 4014 679 4079; x_wconf 84' lang='lat' dir='ltr'>Cave</span> <span class='ocrx_word' id='word_1_197' title='bbox 726 4011 993 4078; x_wconf 83' lang='lat' dir='ltr'>credas!</span> 
     </span>
    </p>

    <p class='ocr_par' dir='ltr' id='par_1_9' title="bbox 502 4133 2848 4834">
     <span class='ocr_line' id='line_1_29' title="bbox 588 4133 2841 4216; baseline -0.002 -14"><span class='ocrx_word' id='word_1_198' title='bbox 588 4137 709 4202; x_wconf 84' lang='lat' dir='ltr'>Vs.</span> <span class='ocrx_word' id='word_1_199' title='bbox 779 4137 910 4202; x_wconf 82' lang='lat'>990</span> <span class='ocrx_word' id='word_1_200' title='bbox 978 4152 1123 4215; x_wconf 87' lang='lat' dir='ltr'>sqq.</span> <span class='ocrx_word' id='word_1_201' title='bbox 1198 4135 1323 4200; x_wconf 85' lang='lat' dir='ltr'>tali</span> <span class='ocrx_word' id='word_1_202' title='bbox 1394 4136 1539 4200; x_wconf 88' lang='lat' dir='ltr'>fere</span> <span class='ocrx_word' id='word_1_203' title='bbox 1612 4136 1810 4200; x_wconf 86' lang='lat' dir='ltr'>modo</span> <span class='ocrx_word' id='word_1_204' title='bbox 1887 4135 2362 4216; x_wconf 89' lang='lat' dir='ltr'>Phidippidem</span> <span class='ocrx_word' id='word_1_205' title='bbox 2433 4133 2841 4214; x_wconf 87' lang='lat' dir='ltr'>alloquitur:</span> 
     </span>
     <span class='ocr_line' id='line_1_30' title="bbox 504 4239 2840 4346; baseline -0.003 -20"><span class='ocrx_word' id='word_1_206' title='bbox 504 4262 702 4346; x_wconf 83' lang='lat' dir='ltr'>„Ego,</span> <span class='ocrx_word' id='word_1_207' title='bbox 752 4264 783 4324; x_wconf 81' lang='grc' dir='ltr'>ὁ</span> <span class='ocrx_word' id='word_1_208' title='bbox 830 4239 1148 4344; x_wconf 65' lang='grc' dir='ltr'>Κρείὲτων</span> <span class='ocrx_word' id='word_1_209' title='bbox 1198 4262 1435 4341; x_wconf 70' lang='grc' dir='ltr'><strong><em>Λόγος,</em></strong></span> <span class='ocrx_word' id='word_1_210' title='bbox 1484 4260 1733 4324; x_wconf 86' lang='lat' dir='ltr'>docebo</span> <span class='ocrx_word' id='word_1_211' title='bbox 1787 4262 1856 4324; x_wconf 89' lang='lat' dir='ltr'>te</span> <span class='ocrx_word' id='word_1_212' title='bbox 1903 4260 2138 4338; x_wconf 88' lang='lat' dir='ltr'>fugere</span> <span class='ocrx_word' id='word_1_213' title='bbox 2185 4260 2410 4322; x_wconf 84' lang='lat' dir='ltr'>forum</span> <span class='ocrx_word' id='word_1_214' title='bbox 2459 4261 2531 4321; x_wconf 91' lang='lat' dir='ltr'>et</span> <span class='ocrx_word' id='word_1_215' title='bbox 2581 4257 2840 4334; x_wconf 85' lang='lat' dir='ltr'>balnea,</span> 
     </span>
     <span class='ocr_line' id='line_1_31' title="bbox 503 4381 2845 4466; baseline -0.003 -16"><span class='ocrx_word' id='word_1_216' title='bbox 503 4391 579 4451; x_wconf 84' lang='lat' dir='ltr'>ut</span> <span class='ocrx_word' id='word_1_217' title='bbox 624 4387 710 4452; x_wconf 93' lang='lat' dir='ltr'>ob</span> <span class='ocrx_word' id='word_1_218' title='bbox 755 4386 985 4466; x_wconf 85' lang='lat' dir='ltr'>turpia</span> <span class='ocrx_word' id='word_1_219' title='bbox 1030 4385 1410 4464; x_wconf 84' lang='lat' dir='ltr'>erubescaS,</span> <span class='ocrx_word' id='word_1_220' title='bbox 1458 4386 1611 4464; x_wconf 85' lang='lat' dir='ltr'>cet„</span> <span class='ocrx_word' id='word_1_221' title='bbox 1660 4383 2048 4448; x_wconf 88' lang='lat' dir='ltr'>senioribus</span> <span class='ocrx_word' id='word_1_222' title='bbox 2080 4381 2280 4447; x_wconf 88' lang='lat' dir='ltr'>cedas</span> <span class='ocrx_word' id='word_1_223' title='bbox 2313 4381 2486 4462; x_wconf 88' lang='lat' dir='ltr'>loco;</span> <span class='ocrx_word' id='word_1_224' title='bbox 2525 4385 2845 4462; x_wconf 86' lang='lat' dir='ltr'>parentes</span> 
     </span>
     <span class='ocr_line' id='line_1_32' title="bbox 502 4503 2844 4591; baseline -0.003 -16"><span class='ocrx_word' id='word_1_225' title='bbox 502 4511 835 4575; x_wconf 80' lang='lat' dir='ltr'>honorare</span> <span class='ocrx_word' id='word_1_226' title='bbox 881 4509 1149 4591; x_wconf 90' lang='lat' dir='ltr'>doceb0,</span> <span class='ocrx_word' id='word_1_227' title='bbox 1185 4509 1255 4572; x_wconf 90' lang='lat' dir='ltr'>in</span> <span class='ocrx_word' id='word_1_228' title='bbox 1287 4507 1654 4590; x_wconf 83' lang='lat' dir='ltr'>palaestris</span> <span class='ocrx_word' id='word_1_229' title='bbox 1687 4507 1947 4570; x_wconf 84' lang='lat' dir='ltr'>versari</span> <span class='ocrx_word' id='word_1_230' title='bbox 1987 4543 2049 4551; x_wconf 90' lang='lat'><strong>—</strong></span> <span class='ocrx_word' id='word_1_231' title='bbox 2084 4522 2258 4586; x_wconf 90' lang='lat' dir='ltr'>quae</span> <span class='ocrx_word' id='word_1_232' title='bbox 2291 4505 2523 4569; x_wconf 88' lang='lat' dir='ltr'>omnia</span> <span class='ocrx_word' id='word_1_233' title='bbox 2560 4503 2844 4568; x_wconf 86' lang='lat' dir='ltr'>minime</span> 
     </span>
     <span class='ocr_line' id='line_1_33' title="bbox 506 4627 2845 4711; baseline -0.003 -12"><span class='ocrx_word' id='word_1_234' title='bbox 506 4638 669 4699; x_wconf 91' lang='lat' dir='ltr'>sunt</span> <span class='ocrx_word' id='word_1_235' title='bbox 722 4633 1225 4698; x_wconf 84' lang='lat' dir='ltr'>contemnenda</span> <span class='ocrx_word' id='word_1_236' title='bbox 1270 4631 1591 4711; x_wconf 79' lang='lat' dir='ltr'>consilia3</span> <span class='ocrx_word' id='word_1_237' title='bbox 1638 4631 1756 4694; x_wconf 91' lang='lat' dir='ltr'>sed</span> <span class='ocrx_word' id='word_1_238' title='bbox 1803 4633 2032 4695; x_wconf 87' lang='lat' dir='ltr'>orator</span> <span class='ocrx_word' id='word_1_239' title='bbox 2077 4645 2360 4694; x_wconf 85' lang='lat' dir='ltr'>severus</span> <span class='ocrx_word' id='word_1_240' title='bbox 2407 4645 2570 4693; x_wconf 86' lang='lat' dir='ltr'>mox</span> <span class='ocrx_word' id='word_1_241' title='bbox 2615 4627 2845 4692; x_wconf 85' lang='lat' dir='ltr'>dilabi·</span> 
     </span>
     <span class='ocr_line' id='line_1_34' title="bbox 507 4751 2848 4834; baseline -0.003 -12"><span class='ocrx_word' id='word_1_242' title='bbox 507 4763 623 4822; x_wconf 91' lang='lat' dir='ltr'>tur</span> <span class='ocrx_word' id='word_1_243' title='bbox 692 4757 763 4823; x_wconf 91' lang='lat' dir='ltr'>in</span> <span class='ocrx_word' id='word_1_244' title='bbox 834 4757 1014 4822; x_wconf 91' lang='lat' dir='ltr'>idem</span> <span class='ocrx_word' id='word_1_245' title='bbox 1084 4755 1368 4822; x_wconf 88' lang='lat' dir='ltr'>vitium:</span> <span class='ocrx_word' id='word_1_246' title='bbox 1440 4755 1661 4820; x_wconf 84' lang='lat' dir='ltr'>facere</span> <span class='ocrx_word' id='word_1_247' title='bbox 1724 4753 1906 4818; x_wconf 91' lang='lat' dir='ltr'>enim</span> <span class='ocrx_word' id='word_1_248' title='bbox 1973 4770 2106 4817; x_wconf 91' lang='lat' dir='ltr'>non</span> <span class='ocrx_word' id='word_1_249' title='bbox 2167 4754 2416 4834; x_wconf 89' lang='lat' dir='ltr'>potest,</span> <span class='ocrx_word' id='word_1_250' title='bbox 2481 4751 2646 4831; x_wconf 89' lang='lat' dir='ltr'>quin</span> <span class='ocrx_word' id='word_1_251' title='bbox 2693 4755 2848 4833; x_wconf 87' lang='lat' dir='ltr'>post</span> 
     </span>
    </p>
   </div>
  </div>
 </body>
</html>
