3478 5737
1890 582 1928 646 2

724 782 848 844 aut
896 780 1147 845 saltem
1194 779 1381 843 illius
1418 794 1683 860 pugnae
1720 794 1963 841 causas
1995 777 2434 857 investigare.
2483 776 2652 842 Eam
2679 782 3072 842 controver-

726 903 899 968 siam
948 904 1351 983 Protagoras
1396 902 1761 984 spectavit,
1812 920 1968 966 cum
2019 904 2260 966 notum
2310 902 2504 966 illum
2553 902 2750 967 nobis
2795 902 3077 967 tradidit

728 1030 1069 1110 mythum,
1120 1029 1291 1093 satis
1336 1026 1799 1109 ingeniosum,
1847 1029 2158 1091 att-amen
2189 1030 2504 1091 accurate
2542 1026 2796 1107 legenti
2831 1044 2911 1091 ao
2934 1044 3073 1107 per—

726 1152 1047 1233 pendenti
1098 1152 1319 1238 multa
1368 1151 1848 1216 continentem
1887 1151 2200 1216 absurda.
2249 1150 2502 1215 Eadem
2543 1150 2880 1215 discordia
2901 1167 3074 1215 com-

728 1281 959 1342 motus
1006 1276 1203 1341 Plato
1250 1276 1695 1358 philosophus
1747 1314 1808 1321 —-
1851 1292 1940 1339 an
1991 1276 2212 1341 dicam
2261 1276 2517 1357 poeta?
2561 1312 2622 1319 -
2666 1274 3073 1355 cogitatione

729 1402 859 1467 sibi
908 1402 1114 1465 finxit
1160 1401 1573 1483 reipublicae
1621 1402 1914 1465 formam
1964 1418 2252 1481 novam;
2301 1418 2504 1480 quam
2556 1418 2712 1465 cum
2755 1400 2836 1464 ad
2873 1418 3069 1465 usum

732 1542 867 1590 non
930 1526 1229 1590 multum
1298 1524 1531 1589 valere
1586 1526 2092 1590 arbitrarentur
2143 1525 2554 1607 reipublicae
2612 1524 3074 1590 instituendae

730 1650 1130 1733 peritissimi
1210 1688 1271 1695 -
1346 1654 1598 1731 putant
1660 1650 1844 1714 enim
1898 1650 2249 1715 Platonem
2317 1650 2534 1729 magis
2601 1650 2776 1714 civis
2823 1648 3072 1730 singuli

731 1792 938 1855 quam
994 1792 1225 1839 rerum
1293 1775 1513 1856 ipsius
1560 1779 1846 1840 naturae
1896 1776 2214 1839 habuisse
2263 1776 2599 1839 rationem
2667 1812 2724 1820 —-
2785 1774 3075 1855 Utopiae

730 1901 869 1965 fere
917 1901 1137 1964 instar
1180 1900 1591 1964 habuerunt.

825 2025 1344 2106 AristophaneS‚
1411 2025 1525 2105 qui
1592 2024 1830 2089 itidem
1881 2025 2180 2089 rationes
2226 2025 2409 2089 inter
2455 2024 2642 2089 cives
2687 2041 2766 2088 ac
2811 2040 3075 2104 rempu-

738 2150 985 2214 blicam
1031 2150 1262 2214 animo
1308 2148 1735 2213 volutavisse
1785 2166 1943 2212 vere
1991 2148 2452 2230 existimatur,
2507 2148 2774 2213 somnia
2825 2150 2948 2212 aut
2993 2183 3074 2191 —

735 2274 793 2339 si
868 2272 1093 2338 mavis
1166 2310 1229 2319 —-
1301 2290 1495 2337 arces
1563 2273 1791 2338 aerias
1852 2274 1980 2338 sibi
2045 2273 2296 2353 fingere
2358 2275 2657 2355 amabat,
2713 2290 2792 2337 eo
2839 2275 3074 2337 autem

736 2398 1016 2463 consilio
1059 2401 1137 2463 ut
1176 2397 1621 2478 auditoribus,
1656 2396 2113 2461 translatisin
2139 2398 2474 2462 mundum
2500 2396 3076 2477 commenticium,

753 2562 813 2567 —
894 2527 972 2587 ut
1040 2540 1102 2587 e.
1172 2540 1268 2603 gr.
1340 2523 1409 2587 in
1482 2522 1772 2604 AvibuS,
1841 2540 1882 2586 a
1951 2522 2230 2586 deorum
2291 2522 2573 2588 arbitrio
2635 2522 3080 2601 civitatisque

741 2647 1193 2713 incommodis
1260 2647 1649 2727 liberatum,
1746 2684 1795 2691 —
1877 2647 2272 2711 ostenderet
2341 2646 2714 2728 societatis,
2785 2662 3076 2725 morum,

741 2773 1227 2837 institutorum
1276 2772 1468 2851 vitia,
1518 2771 1841 2849 vitaeque
1891 2772 2232 2836 humanae
2279 2771 2345 2835 in
2401 2771 2804 2835 universum
2837 2786 3076 2851 angus·

736 2897 873 2962 tias
932 2897 1541 2977 exiguitatemque.
1626 2896 1739 2960 Sic
1801 2897 1873 2961 in
1938 2895 2249 2962 Nubibus
2312 2934 2393 2942 —
2459 2901 2537 2962 ut
2597 2899 2837 2979 postea
2897 2896 3073 2960 vide·

739 3021 965 3086 bimus
1036 3058 1117 3066 —
1166 3025 1585 3102 spectatores
1630 3023 1968 3087 transfert
2012 3021 2084 3086 in
2133 3021 2490 3104 mundum,
2540 3029 2814 3102 qualem
2861 3022 3075 3103 plebe-

737 3144 891 3208 cula
937 3144 1232 3208 libenter
1280 3143 1407 3208 sibi
1456 3144 1706 3224 fingere
1754 3144 1946 3220 solet,
1998 3147 2075 3209 ut
2118 3145 2434 3208 ostendat
2483 3145 2690 3209 talem
2741 3144 3076 3208 mundum

740 3269 921 3333 inter
968 3267 1296 3332 mortales
1340 3284 1590 3348 eosque
1638 3269 1827 3332 cives
1872 3273 2146 3332 exstare
2196 3285 2330 3332 non
2377 3286 2596 3350 posse.

828 3393 1182 3474 Quantum
1246 3394 1373 3458 hac
1422 3395 1491 3458 in
1541 3411 1612 3458 re
1659 3398 1730 3458 et
1775 3393 1993 3475 ipsius
2041 3393 2527 3475 Aristophanis
2573 3397 2646 3458 et
2691 3396 3072 3458 ceterorum

742 3517 1157 3582 comicorum
1216 3517 1611 3582 Atticorum
1663 3517 1961 3582 valuerit
2006 3517 2392 3606 ingenium,⁶
2427 3518 2586 3598 quid
2637 3517 2874 3599 poetiS,
2916 3516 3075 3596 quid

745 3641 1063 3706 universo
1121 3642 1649 3706 Atheniensium
1712 3642 1960 3722 populo
2023 3641 2373 3724 debeatur,
2435 3642 2696 3724 optime
2751 3660 2818 3706 v.
2867 3641 2950 3705 cl.
2995 3640 3078 3704 R.

747 3765 1219 3830 PdHLMANNUs
1280 3767 1414 3845 (die
1479 3766 1741 3831 Soziale
1803 3765 2148 3846 Dicbtung
2209 3765 2330 3831 der
2392 3752 2722 3831 Griechen
2772 3765 2846 3842 1))
2909 3764 3078 3829 mihi

744 3889 1021 3954 videtur
1064 3890 1459 3956 denotasse:

840 4013 1002 4096 „Die
1094 4015 1607 4096 phantastische
1701 4014 2245 4095 Ausgestaltung
2333 4015 2500 4090 (des)
2587 4013 3078 4078 zauberhasten

746 4136 1307 4201 Marchenlandes
1340 4137 1433 4202 ist
1463 4139 1712 4218 gewiss
1743 4137 2143 4203 wesentlich
2177 4139 2298 4202 das
2331 4137 2548 4202 Werk
2580 4137 2699 4201 der
2731 4137 3080 4202 Komodie.

747 4262 933 4325 Aber
994 4259 1125 4324 wie
1190 4261 1299 4324 die
1344 4261 1608 4326 heitere
1656 4263 1849 4326 Muse
1896 4262 2156 4327 uberall
2203 4263 2356 4327 dem
2403 4261 2804 4326 wirklichen
2856 4262 3079 4326 Leben

748 4385 885 4449 und
936 4383 1339 4465 Empfinden
1389 4385 1507 4451 des
1542 4387 1799 4452 Volkes
1829 4389 2187 4469 nachgeht,
2224 4388 2354 4452 mit
2385 4388 2626 4452 dessen
2661 4387 3074 4452 Schwaohen

746 4509 856 4572 ihr
901 4507 1169 4573 Humor
1218 4510 1366 4574 sein
1414 4511 1623 4576 freies
1668 4511 1854 4593 Spiel
1901 4512 2132 4594 treibt‚
2181 4529 2254 4576 so
2302 4513 2425 4576 hat
2470 4512 2568 4576 sie
2613 4511 2866 4592 gewiss
2904 4509 3080 4574 auch

832 4767 879 4846 1)
920 4768 1091 4828 Neue
1132 4767 1342 4827 Jahrb.
1387 4771 1425 4825 s.
1470 4766 1528 4825 d.
1572 4767 1674 4826 Kl.
1718 4767 1843 4825 Alt.
1887 4766 2120 4844 Illberg
2161 4765 2287 4824 und
2327 4765 2594 4843 Richter,
2643 4767 2797 4824 1898
2837 4765 2988 4824 Heft
3029 4767 3082 4822 1.
