3478 5737
1476 588 1603 653 125

354 785 490 847 bus
558 784 781 849 multa
842 783 1147 848 sustines
1212 782 1414 863 mala,
1480 786 1854 863 nostraque
1921 784 2145 851 tutela
2213 787 2434 851 fretus
2503 787 2706 852 vultu

354 908 665 989 praefers
724 908 1137 988 gravitatem
1201 905 1336 989 (ἐφ’
1385 912 1533 989 ἡμῖν
1586 909 2209 991 σεμνοπροσωπεῖς).”
2279 910 2514 975 Denuo
2563 911 2710 975 veri

354 1032 663 1096 Socratis
731 1031 1187 1113 proprietates
1255 1036 1882 1098 commemorantur
1951 1035 2059 1111 (cf.
2133 1034 2304 1099 Plat.
2367 1034 2710 1099 Phaedon.

362 1156 489 1219 117
518 1156 595 1236 B,
648 1154 963 1237 Sympos.
1010 1173 1073 1236 p.
1126 1154 1245 1217 221
1282 1154 1383 1229 Β).

448 1280 520 1344 Si
570 1280 683 1345 cui
734 1280 1053 1344 videatur
1098 1278 1165 1343 in
1220 1280 1425 1343 hacce
1474 1278 1677 1343 Chori
1714 1279 2128 1343 allocutione
2159 1281 2452 1345 nimium
2487 1281 2712 1344 inesse

352 1404 776 1486 offensionis,
842 1420 1077 1468 secum
1142 1406 1416 1484 reputet
1464 1402 1764 1467 Chorum
1811 1420 1884 1466 se
1931 1404 2160 1485 ipsum
2207 1404 2525 1485 inprimis
2573 1404 2716 1469 irri-

352 1529 535 1611 dere,
586 1528 941 1595 Socratem
990 1526 1389 1591 λεπτοτάτων
1438 1526 1645 1611 λη’-ρων
1696 1528 2001 1593 vocando
2049 1529 2470 1593 sacerdotem
2518 1533 2590 1594 et
2633 1546 2713 1593 eo

352 1656 785 1735 spectatores
852 1653 1164 1718 suaviter
1233 1652 1437 1733 affici,
1512 1652 1691 1734 quod
1758 1652 1856 1717 sic
1919 1652 2184 1717 Chorus
2246 1670 2320 1717 se
2379 1654 2716 1717 absurdae

355 1778 680 1859 fictioniS,
744 1778 1077 1857 agricolae
1140 1777 1520 1857 decipiendi
1567 1793 1774 1841 causa
1817 1776 2186 1858 adhibitae,
2235 1780 2519 1859 praebet
2563 1796 2714 1844 con-

352 1902 601 1983 scium,
660 1940 743 1947 —
792 1902 1130 1967 rusticum
1176 1904 1419 1965 contra
1467 1900 1668 1965 Chori
1716 1900 2228 1965 cavillationem
2279 1902 2528 1967 habere
2575 1902 2711 1967 lau·

352 2026 659 2091 dationis
706 2028 869 2091 loce.
944 2026 1133 2109 Quod
1183 2043 1381 2109 porro
1432 2026 1695 2091 Chorus
1743 2025 1980 2091 laudat
2028 2024 2328 2090 Socratis
2366 2028 2711 2091 incessum

352 2156 431 2215 et
492 2151 751 2215 laudari
814 2152 899 2215 ob
956 2151 1124 2215 talia
1168 2168 1209 2214 a
1255 2151 1387 2215 diis
1434 2151 1633 2215 vanis
1678 2149 2135 2229 futilibusque
2183 2150 2468 2215 minime
2517 2154 2730 2231 puta--

358 2275 547 2339 veris
583 2292 733 2339 esse
774 2274 1246 2357 honorificum,
1285 2274 1976 2339 animadvertendum
2017 2278 2125 2338 est
2163 2274 2406 2356 denu0,
2440 2280 2710 2357 poetam

356 2399 583 2463 facere
653 2399 950 2465 Chorum
1024 2402 1677 2464 commemorantem
1752 2415 1886 2462 non
1959 2398 2262 2463 Socratis
2332 2400 2524 2482 vitia,
2597 2402 2712 2465 sed

354 2524 815 2605 proprietates
863 2524 1149 2589 minime
1196 2522 1574 2588 invidiosas
1620 2523 1725 2603 (cf.
1775 2522 1968 2587 Plato
2017 2522 2254 2605 Symp.
2304 2525 2424 2589 221
2485 2526 2584 2601 Β).

450 2647 651 2713 Chori
714 2648 945 2712 verbis
1006 2650 1215 2725 (359):
1279 2649 1467 2729 φράζε
1532 2652 1685 2729 πρὸς
1731 2649 1896 2728 ἡμᾶς
1944 2646 1975 2709 ὅ
2017 2674 2076 2711 τι
2126 2648 2362 2732 χρῄζεις
2409 2649 2711 2713 nondum

358 2772 833 2852 respondetur,
908 2776 985 2837 ut
1052 2778 1556 2853 exspectamus.
1630 2772 1812 2836 Num
1877 2773 2054 2837 forte
2117 2772 2360 2837 lacuna
2421 2776 2528 2837 est
2577 2778 2712 2837 sta-

354 2897 667 2962 tuenda?
738 2896 849 2962 Nil
898 2898 1044 2961 veri
1094 2897 1519 2963 dissimilius.
1593 2898 1807 2962 Poeta
1853 2898 2025 2962 duas
2070 2897 2558 2964 altercationes
2605 2900 2708 2980 (de

360 3021 665 3086 Nubium
712 3021 959 3103 styma,
1008 3039 1108 3086 vs,
1161 3023 1533 3104 340-355‚
1574 3022 1791 3102 deque
1829 3039 2065 3087 earum
2107 3022 2334 3088 divina
2361 3027 2709 3105 potestate,

366 3163 467 3208 vs,
550 3145 931 3220 365—411)
1034 3145 1236 3210 Chori
1337 3145 1749 3210 allocutione
1830 3153 1956 3224 (vs.
2039 3145 2418 3223 358-363)
2499 3145 2711 3211 dividi

366 3268 606 3350 voluit,
650 3287 735 3333 ne
772 3273 1337 3350 argumentorum
1378 3269 1833 3334 similitudine
1867 3269 2174 3334 taedium
2209 3271 2712 3351 spectatoribus

366 3397 677 3458 moveret
742 3398 813 3458 et
885 3397 963 3457 ut
1026 3393 1406 3475 Strepsiadi
1466 3393 1778 3458 adoranti
1843 3393 2212 3458 manifesta
2273 3394 2368 3458 sit
2429 3394 2708 3458 dearum

367 3517 866 3582 benevolentia.
974 3517 1085 3582 Sic
1170 3519 1414 3582 verba:
1502 3519 1689 3600 φράζε
1772 3516 1804 3580 ’ὃ
1875 3544 1931 3581 τι
2003 3519 2240 3604 χρῄζεις
2309 3518 2481 3582 nihil
2547 3519 2610 3582 h.
2672 3518 2712 3582 1.

362 3642 546 3706 aliud
633 3642 944 3706 indicant
1026 3643 1203 3706 nisi:
1288 3644 1431 3707 tuis
1511 3643 1950 3708 inserviendo
2019 3643 2374 3708 desideriis
2445 3646 2715 3724 praesto

363 3785 625 3831 sumus,
674 3765 827 3832 Vsu.
875 3767 1003 3830 412
1054 3785 1223 3848 sqq„
1274 3771 1429 3849 post
1478 3768 1537 3832 Ν
1546 3769 1780 3833 ubium
1814 3768 2088 3833 divinae
2123 3767 2490 3849 potestatis
2519 3783 2712 3848 argu-

364 3890 882 3966 mentationem,
945 3896 1351 3972 praemonet
1412 3891 1675 3957 Chorus
1738 3891 2230 3975 Strepsiadem‚
2280 3893 2359 3956 ut
2402 3891 2709 3972 frugalis·

366 4013 541 4078 sima
587 4017 829 4078 utatur
874 3995 1156 4078 vivendi
1207 4016 1492 4096 ratione,
1542 4015 1814 4094 frigoris
1861 4016 2310 4094 laborumque
2356 4015 2708 4096 patientis·

365 4137 603 4219 simuS,
668 4137 1005 4217 siquidem
1054 4139 1434 4220 sapientiae
1480 4156 1755 4220 operam
1805 4139 1964 4202 dare
2014 4140 2265 4219 cupiat.
2332 4139 2706 4217 Postquam

368 4260 797 4342 Strepsiades
857 4262 1061 4326 iussit
1124 4262 1421 4326 Chorum
1486 4264 1611 4326 hac
1672 4245 1782 4326 de'
1817 4280 1888 4326 re
1937 4279 2073 4326 non
2119 4280 2269 4326 esse
2315 4262 2708 4342 sollicitum,

368 4383 763 4465 Socratique
824 4388 1011 4450 omni
1071 4387 1581 4450 asseveratione
1642 4387 2023 4450 affirmavit
2081 4403 2154 4450 se
2215 4386 2386 4449 alios
2439 4389 2710 4466 praeter

373 4509 609 4591 ChaOS,
676 4508 927 4590 Nubes»,
992 4511 1319 4591 Linguam
1374 4511 1535 4574 deos
1582 4510 1651 4574 in
1700 4514 2052 4591 posterum
2103 4527 2236 4574 non
2289 4510 2711 4591 habiturum,

384 4671 443 4678 —-
503 4635 766 4699 tandem
827 4653 925 4698 vs.
990 4636 1115 4699 427
1182 4653 1223 4700 a
1288 4637 1503 4699 Choro
1560 4635 1840 4700 iubetur
1888 4635 2113 4699 dicere
2163 4651 2300 4715 qua
2343 4635 2416 4698 in
2463 4650 2535 4698 re
2581 4633 2714 4697 sibi

372 4759 591 4823 officia
639 4759 905 4826 Chorus
952 4761 1170 4842 possit
1216 4763 1600 4839 praest-are:
