3478 5737
1770 589 1896 654 118

736 784 835 849 Ut
895 783 1031 848 iam
1094 782 1417 862 vidimus,
1482 781 1591 845 vis
1638 781 1898 846 comica
1945 780 2296 861 splendide
2345 782 2620 845 demum
2671 782 2988 862 erumpit,

645 926 802 973 cum
886 906 1262 971 rusticulus
1328 904 1930 971 observationibus
1997 904 2144 969 suis
2212 908 2572 985 tamquam
2646 921 2780 969 uno
2845 904 2991 969 ictu

645 1031 941 1112 detergit
1000 1030 1263 1095 elatum
1322 1032 1790 1111 spectatorum
1844 1029 2056 1093 animi
2105 1030 2456 1109 affectum,
2505 1046 2546 1092 a
2595 1027 2876 1094 Socrate
2922 1033 2994 1092 et

646 1160 881 1237 postea
934 1173 975 1219 a
1022 1154 1238 1219 Choro
1285 1156 1755 1234 provocatum.
1828 1153 1939 1217 Sic
1983 1157 2145 1235 (vss,
2197 1154 2323 1217 267
2375 1158 2499 1233 sq.)
2546 1153 2992 1234 interrumpit

645 1280 1021 1344 solemnem
1110 1276 1410 1343 Socratis
1497 1278 1958 1358 precationem
2047 1278 2531 1343 exclamando:
2623 1276 2988 1360 „nondum

644 1420 939 1485 precor,-
985 1403 1276 1483 surgant
1358 1400 1420 1466 N
1428 1401 1613 1483 ubeS‚
1684 1404 2061 1481 antequam
2134 1400 2600 1481 complicarim
2670 1399 2990 1465 laciniam

645 1529 985 1608 caputque
1066 1524 1471 1605 obtexerim‚
1558 1542 1644 1589 ne
1721 1525 1960 1606 pluvia
2025 1524 2288 1605 irriger.
2381 1526 2814 1606 Quantopere
2882 1540 2992 1587 me

644 1650 973 1732 poenitet,
1021 1649 1197 1729 quod
1246 1648 1393 1713 sine
1438 1649 1667 1729 galero
1714 1649 1915 1714 domo
1963 1667 2118 1714 sum
2163 1648 2546 1729 egressuS.''
2598 1648 2814 1712 Nemo
2853 1664 2988 1711 non

643 1774 986 1855 intellegit
1052 1773 1161 1838 hic
1232 1772 1649 1853 Strepsiadis
1711 1790 1980 1853 quoque
2043 1776 2332 1855 metum,
2397 1790 2484 1837 ne
2533 1787 2738 1836 verae
2783 1788 2990 1853 appa-

645 1886 844 1963 reant
888 1896 950 1961 N
957 1898 1141 1977 ubeS‚
1192 1914 1467 1962 movere
1516 1897 1904 1963 cachinnos.

734 2022 787 2087 E
846 2021 1216 2102 longinquo
1276 2020 1559 2087 auditur
1618 2026 1747 2099 (vs.
1811 2021 1963 2100 275)
2026 2021 2327 2086 Nubium
2397 2020 2598 2086 Chori
2645 2020 2993 2085 cantilena

646 2162 905 2226 serena,
974 2145 1177 2227 elata,
1246 2146 1499 2227 divina,
1563 2163 1683 2226 per
1743 2164 1817 2211 se
1877 2147 2029 2228 ipsa
2090 2146 2188 2210 nil
2255 2145 2518 2224 comici,
2572 2144 2664 2208 nil
2717 2144 2992 2210 absurdi

647 2288 809 2351 prae
852 2288 926 2336 se
970 2270 1218 2335 ferens.
1241 2268 1290 2350 1)
1338 2270 1595 2335 Statim
1641 2274 1798 2352 post
1835 2270 2038 2336 Chori
2076 2271 2326 2335 cantici
2367 2270 2728 2350 stropham
2771 2268 2993 2351 lepida

645 2398 755 2461 est
838 2394 1177 2481 oppositio
1259 2396 1443 2459 inter
1528 2394 1831 2460 Socratis
1915 2395 2290 2474 rusticique
2358 2394 2573 2459 animi
2643 2394 2992 2458 affectum.

648 2520 963 2585 Socrates
1010 2519 1195 2584 enim
1240 2536 1448 2585 sensu
1494 2520 1727 2585 divino
1777 2523 2132 2601 permotus
2170 2536 2407 2584 severe
2445 2521 2657 2598 atque
2689 2516 2990 2598 graviter

646 2645 995 2710 exclamat
1042 2649 1168 2720 (vs.
1218 2645 1404 2723 291):

736 2767 785 2832 ὦ
832 2772 991 2851 μέγα
1038 2774 1255 2850 σεμναὶ
1310 2770 1607 2850 Νεφέλαι,
1656 2784 1938 2853 φανερῶς
1985 2772 2288 2853 ἠκούσατέ
2336 2796 2459 2852 μου
2512 2768 2909 2847 καλέσαντος,

646 2899 975 2976 rogatque
1024 2896 1525 2978 Strepsiadem:

734 3023 934 3104 ᾔσθου
984 3035 1195 3104 φωνῆς
1240 3019 1373 3101 ἅμα
1422 3026 1524 3084 καὶ
1572 3025 1839 3106 βροντῆς
1884 3023 2326 3106 μυκησαμένης
2371 3020 2755 3096 &metm-ov,-

734 3145 1181 3228 StrepsiadeS‚
1244 3147 1361 3226 qui
1425 3147 1704 3210 omnino
1767 3147 1896 3210 sibi
1961 3147 2212 3226 fingere
2273 3165 2410 3211 non
2475 3149 2699 3229 potest
2759 3144 2992 3209 Nubes

644 3288 794 3335 esse
847 3270 1012 3335 deas
1058 3271 1165 3348 (cf.
1215 3287 1318 3336 vs,
1369 3272 1494 3334 267
1544 3271 1689 3352 sq.)‚
1738 3289 1960 3352 neque
2007 3275 2152 3336 tam
2199 3271 2552 3335 credulum
2602 3287 2752 3334 sese
2801 3285 2985 3350 prae·

645 3395 803 3460 bere
871 3393 1027 3458 vult
1086 3411 1327 3475 quam.
1363 3393 1714 3459 Socratem
1777 3394 2039 3477 opinari
2102 3398 2355 3474 censet,
2420 3410 2748 3476 pavorem
2808 3407 2990 3456 nunc

641 3516 943 3599 simulat,
1006 3517 1307 3597 dicitque
1370 3518 1640 3583 tonitru
1700 3519 1974 3583 audito:
2043 3517 2420 3606 „Veneror
2457 3517 2771 3598 equidem
2839 3533 2984 3594 VOS,

642 3660 681 3707 o
742 3645 1019 3707 sanctae
1080 3641 1333 3724 NubeS,
1396 3641 1598 3722 idque
1660 3642 2015 3708 ostendere
2078 3643 2248 3706 libet
2305 3643 2556 3707 vestris
2614 3641 2988 3706 tonitribus

588 3830 596 3839 ,
647 3782 833 3830 meos
878 3766 1145 3830 ventris
1191 3767 1491 3848 crepitus
1537 3766 2002 3848 opponendo.''
2053 3767 2157 3830 Ad
2209 3767 2562 3832 Socratem
2593 3782 2985 3846 conversus,

650 3890 1094 3974 „tantopere”
1141 3890 1390 3971 inquit,
1445 3891 1571 3974 „iis
1612 3889 1872 3954 auditis
1917 3891 2388 3972 contremisco,
2439 3891 2604 3970 quin
2651 3890 2859 3955 etiam
2902 3893 2989 3952 κεῖ

724 4090 774 4170 1)
796 4091 1158 4150 Rectissime
1180 4091 1577 4150 Leeuwenius
1600 4092 1678 4150 ad
1698 4092 1812 4152 hoc
1834 4089 2012 4151 Chori
2035 4093 2336 4151 canticum
2361 4091 2668 4152 observat:
2697 4091 2988 4167 „Omnino

646 4194 859 4267 poetae
901 4193 1031 4246 arte
1072 4187 1391 4264 indignum
1434 4194 1530 4248 est
1570 4188 1635 4246 id
1675 4189 1837 4264 quod
1879 4189 2048 4248 fuere
2089 4190 2194 4266 qui
2233 4189 2639 4268 perhiberent,
2682 4208 2820 4248 eum
2855 4209 2989 4248 con-

646 4289 807 4346 sulto
883 4321 956 4328 ——
1022 4285 1101 4344 ad
1160 4285 1554 4345 deridendam
1614 4288 1849 4346 scilicet
1909 4287 2230 4364 lyricorum
2291 4291 2602 4364 poetarum
2665 4286 2988 4346 dictionem

648 4384 943 4444 tumidam
989 4418 1063 4426 —
1106 4405 1318 4462 parum
1360 4389 1505 4462 apta
1546 4384 1733 4444 verba
1775 4385 1873 4445 hic
1916 4386 2041 4444 illic
2082 4385 2476 4444 admiscuisse
2516 4385 2682 4444 hisce
2722 4383 2988 4444 Nubium

650 4483 966 4541 cantilenis
1028 4481 1127 4540 vel
1190 4481 1402 4542 eadem
1456 4483 1645 4560 stirpe
1702 4484 1839 4560 plus
1883 4483 2070 4542 semel
2113 4483 2398 4558 deinceps
2442 4501 2577 4541 esse
2617 4481 2849 4541 usum.’‘
2895 4480 2986 4540 Cf.

648 4578 1329 4656 Rossbach-Westphal.
1390 4579 1494 4638 ΠΙ
1553 4601 1612 4656 p.
1676 4581 1784 4638 64:
1847 4580 2320 4657 „Aristophanes
2375 4579 2650 4638 versteht
2701 4578 2802 4638 die
2843 4577 2989 4638 dak-

649 4677 948 4755 tylischen
1002 4677 1311 4755 Rhytmen
1364 4676 1476 4736 der
1528 4676 2002 4736 Nomendichter
2056 4676 2277 4736 ebenso
2334 4682 2504 4736 ernst
2553 4676 2679 4735 und
2719 4675 2989 4736 seierlich

650 4775 798 4853 (vgl.
838 4775 979 4850 315)
1021 4795 1094 4836 zu
1134 4773 1341 4834 bilden
1381 4777 1496 4834 wie
1538 4795 1653 4835 nur
1696 4775 1908 4853 irgend
1949 4776 2046 4835 ein
2087 4775 2442 4852 Tragiker.'’
