3478 5737
1892 538 2017 601 128

777 731 1047 795 ventris
1113 731 1432 812 strepitu,
1481 746 1654 809 quae
1701 731 1944 794 ambae
1992 734 2295 795 contmuo
2346 729 2584 795 huicce
2630 729 2881 811 placito
2928 733 3131 795 erant

775 854 1307 934 coniungendae,
1348 854 1693 934 siquidem
1729 854 1875 918 vim
1905 854 2238 919 comicam
2270 825 2631 935 erumpere
2666 854 2908 919 voluit.
2952 854 3131 919 Cum

774 978 857 1043 de
927 979 1082 1061 δίνῳ
1153 978 1380 1042 iocum
1441 993 1857 1058 praeponere
1918 977 2360 1058 instituisset,
2425 993 2597 1059 opus
2660 979 2721 1042 ei
2770 981 2920 1042 erat
2969 995 3130 1042 non·

776 1103 984 1167 nullis
1045 1102 1382 1181 versibus,
1453 1100 1912 1181 copulationis
1974 1118 2215 1181 causa3
2266 1118 2437 1181 quos
2482 1118 2729 1166 versus
2775 1102 3127 1181 ingeniose

775 1228 872 1291 sic
930 1226 1249 1291 adhibuit
1311 1229 1531 1305 poeta,
1599 1228 1679 1288 ut
1741 1224 2003 1305 rustici,
2066 1227 2172 1289 cui
2224 1227 2434 1289 nimis
2480 1224 2678 1289 docta
2724 1228 2877 1289 erat
2922 1226 3127 1289 inter-

775 1351 1094 1433 pretati0,
1180 1349 1471 1414 fatuitas
1539 1348 1931 1428 oblivioque
2000 1349 2222 1413 denuo
2293 1349 2676 1413 luculenter
2743 1354 3125 1431 appareret.

781 1474 950 1559 „Sed
1022 1475 1102 1539 de
1169 1473 1472 1538 tonitrus
1540 1473 1805 1552 fragore
1876 1473 2181 1537 nondum
2254 1490 2363 1537 me
2427 1473 2790 1554 docuisti,”
2855 1474 3130 1537 ieiunus

775 1598 959 1680 dicit,
1023 1598 1310 1662 minime
1365 1600 1700 1677 attentUS,
1750 1596 2146 1677 discipulus,
2218 1596 2363 1676 Qua
2412 1613 2481 1661 re
2531 1602 2725 1677 rogat
2772 1597 3127 1662 Socrates:

775 1730 885 1788 οὐκ
959 1725 1230 1806 ἤκουσάς
1297 1746 1420 1802 μου
1437 1743 1465 1801 ,·
1524 1720 1913 1801 repetitque
1978 1738 2152 1801 quae
2218 1722 2352 1785 iarn
2419 1721 2711 1785 dixerat.
2802 1722 3131 1802 Sequitur

777 1849 1019 1913 rustici
1067 1848 1362 1928 rogatio:
1413 1848 1570 1929 φέρε,
1619 1849 1793 1909 τουτὶ
1844 1858 1928 1925 τῷ
1979 1850 2089 1929 χρὴ
2140 1849 2486 1921 πιστεύεινς
2533 1846 2677 1910 Iam
2729 1846 2919 1911 iocus
2950 1846 3131 1910 alter

773 1976 932 2054 apte
981 1972 1255 2037 annecti
1305 1974 1532 2052 potest
1578 1976 1707 2048 (vs.
1758 1970 2152 2049 385—393).
2227 1970 2339 2035 Sic
2386 1971 2514 2035 sibi
2564 1970 2881 2051 praebuit
2926 1974 3131 2050 poeta

775 2097 1198 2160 occasionem
1250 2095 1419 2159 duas
1465 2094 1752 2158 facetias
1800 2094 1918 2157 uni
1966 2093 2323 2173 eidemque
2370 2094 2551 2159 dicto
2599 2094 2952 2173 religandi.
2991 2093 3041 2165 1)

867 2220 966 2284 Ne
1013 2220 1380 2283 credideris
1427 2222 1698 2301 poetam
1747 2218 1830 2282 de
1879 2218 2033 2301 δίνῳ
2081 2220 2302 2283 iocum
2358 2220 2554 2283 unice
2600 2218 2997 2283 adhibuisse
3044 2218 3129 2281 ad

777 2344 1336 2426 philosophorum
1394 2345 1678 2429 ἀσέβειαν
1729 2343 2346 2425 perstringendam,
2396 2344 2665 2407 ventris
2711 2346 2950 2407 contra
2994 2360 3131 2407 cre·

777 2469 1000 2550 pitum
1060 2467 1301 2532 fecisse
1351 2484 1887 2533 commemorare
1933 2468 2017 2532 ad
2066 2466 2397 2532 innocuos
2443 2468 2817 2532 movendos
2863 2468 3131 2531 cachin-

778 2608 922 2656 005.
994 2591 1234 2671 Imm0,
1300 2594 1674 2672 utrumque
1738 2592 1987 2673 iocum,
2048 2591 2134 2655 ad
2183 2591 2507 2656 effectum
2557 2592 2893 2656 comicum
2946 2591 3131 2671 quod

779 2716 1098 2796 pertinet,
1150 2714 1328 2779 idern
1377 2714 1606 2779 valere
1653 2714 1834 2795 apud
1883 2715 2220 2780 comicum
2270 2718 2604 2796 nostrum,
2655 2716 2698 2779 i.
2746 2734 2801 2779 e.
2848 2732 3009 2779 eum
3050 2731 3133 2777 eo

777 2845 1051 2906 tantum
1100 2839 1382 2904 consilio
1430 2842 1720 2920 utroque
1772 2840 1897 2922 uti,
1950 2856 2083 2904 non
2135 2843 2212 2904 ut
2244 2841 2665 2921 perstringat
2693 2840 2972 2922 aliquid,
3008 2840 3133 2904 sed

779 2968 858 3029 ut
926 2965 1143 3029 risum
1214 2968 1510 3044 moveat,
1574 2966 1746 3030 satis
1807 2970 1915 3028 est
1974 2965 2370 3030 verisimile.
2444 2965 2515 3031 Si
2564 2966 2748 3031 enim
2796 2965 3134 3030 dimicare

776 3089 1113 3154 voluisset-
1158 3091 1394 3152 contra
1441 3088 1997 3170 philosophorum
2047 3089 2300 3170 placita
2346 3107 2718 3170 eorumque
2766 3089 3135 3170 pervulga·

777 3214 1056 3292 tionem,
1121 3215 1304 3277 certe
1367 3229 1504 3276 non
1550 3214 1909 3292 oportebat
1964 3229 2193 3276 coram
2240 3213 2478 3278 infima
2523 3214 2718 3295 plebe
2768 3213 3131 3277 Socratem

777 3355 858 3401 ea
889 3337 1112 3400 facere
1143 3336 1496 3400 docentem
1531 3336 1640 3414 (cf.
1675 3335 1855 3400 Part.
1889 3337 1918 3399 Ι
1951 3354 2003 3400 c.
2037 3337 2100 3400 II
2128 3341 2163 3413 5
2190 3337 2266 3417 53
2316 3355 2367 3401 c.
2395 3337 2555 3414 1115
2586 3339 2667 3403 10
2692 3355 2753 3417 p.
2783 3337 2868 3400 50
2892 3341 2965 3400 et
2992 3337 3137 3408 70).

867 3460 1085 3542 Alter,
1133 3461 1213 3524 de
1259 3461 1528 3524 ventris
1573 3461 1890 3541 strepitu,
1939 3460 2128 3525 iocus
2170 3429 2393 3542 leuius
2438 3463 2606 3526 illud
2655 3462 3139 3536 παπαπαππάξ

779 3585 976 3650 valde
1036 3585 1372 3667 placuisse
1435 3584 1718 3666 popello,
1785 3585 1981 3648 facile
2028 3585 2481 3666 intellegitur)
2528 3603 2653 3652 nos
2698 3587 2895 3652 docet
2938 3605 3139 3667 spec·

777 3712 1042 3773 tatores
1101 3708 1390 3772 facetias
1453 3707 1644 3772 humi
1707 3712 2027 3788 repentes
2088 3709 2591 3790 illiberalesque
2638 3711 2923 3776 minime
2972 3729 3143 3776 esse

777 3835 1183 3914 aspernatos
1226 3833 1332 3912 (cf.
1383 3831 1565 3898 Part.
1611 3831 1641 3896 I
1687 3849 1743 3896 c.
1792 3832 1823 3896 I
1872 3836 1908 3909 5
1957 3833 2039 3911 2).

1169 3967 1205 3976 *-

857 4023 905 4103 l)
947 4025 1051 4083 Nil
1094 4022 1434 4082 mirandum
1477 4023 1736 4100 duplicis
1778 4025 2142 4083 recensionis
2179 4027 2644 4103 investigatores
2674 4028 2770 4085 hic
2800 4028 3143 4088 denotasse

779 4123 1221 4180 retractationis
1279 4122 1575 4196 vestigia;
1620 4118 1696 4178 cf.
1742 4120 1967 4178 Kockii
2010 4123 2089 4180 ad
2132 4143 2219 4182 VS.
2263 4125 2380 4183 382
2425 4126 2759 4184 annotatio:
2810 4125 2963 4199 „Die
3016 4127 3145 4186 Be·

775 4218 1091 4296 hauptung
1153 4218 1261 4276 des
1323 4217 1724 4294 StrepsiadeS,
1785 4237 1849 4276 es
1904 4220 1993 4278 sei
2050 4222 2185 4279 noc-h
2243 4223 2423 4280 nieht-s·
2481 4243 2593 4281 von
2658 4223 2796 4280 dem
2838 4223 3143 4284 Krachen

778 4316 887 4374 des
945 4316 1224 4375 Donners
1277 4322 1514 4392 gesagt,
1573 4317 1653 4374 ist
1693 4316 1846 4374 nach
1887 4318 2005 4376 376
2048 4318 2109 4376 ff.
2157 4320 2307 4378 nicht
2346 4321 2502 4378 recht
2543 4320 2883 4378 erklarlich.
2942 4323 3147 4382 Auch

777 4413 910 4470 hier
964 4415 1044 4472 ist
1097 4413 1254 4472 wohl
1310 4413 1400 4471 die
1442 4413 1596 4486 Spar
1640 4412 1795 4470 einer
1837 4415 2128 4490 doppelten
2170 4418 2501 4492 Recension,
2548 4416 2783 4476 obwohl
2826 4419 2943 4478 383
2994 4441 3147 4478 aus-

780 4509 1094 4570 drucklich
1153 4510 1264 4569 auf
1318 4510 1418 4568 die
1473 4507 1714 4568 friihere
1773 4511 1962 4571 Stelle
2018 4513 2439 4574 zuriickweist.
2518 4513 2707 4574 Sollte
2748 4515 2857 4573 der
2900 4515 3147 4576 Scherz

781 4609 898 4666 386
976 4607 1072 4666 'bis
1145 4610 1258 4667 391
1339 4607 1478 4665 dem
1553 4607 1809 4666 Dichter
1870 4617 1997 4669 erst
2058 4612 2144 4670 bei
2206 4613 2307 4670 der
2376 4613 2854 4686 Ueberarbeiluny
2916 4615 3147 4692 einge—

779 4703 966 4763 fallen
1007 4707 1138 4764 sein
1152 4705 1216 4763 :³⁷⁷
