3478 5737
1853 587 1939 651 48

813 780 1168 843 Postremo
1252 796 1595 844 summam
1672 781 1870 859 genio
1938 779 2438 861 indulgentiam
2507 780 2931 861 effusamque
2995 783 3072 846 in

724 904 1199 985 voluptatibus
1236 903 1589 969 licentiam
1628 919 1764 967 non
1804 903 2030 969 solum
2066 905 2502 969 commendat
2539 904 2922 987 ImprobuS,
2951 906 3070 970 sed

720 1028 935 1092 etiam
1001 1027 1299 1092 Deorum
1343 1027 1692 1092 amoribus
1736 1030 2146 1093 excusatam
2192 1028 2620 1093 demonstrat
2665 1030 2787 1111 (vs.
2839 1030 3067 1099 1082l:

944 1154 1147 1215 καίτοι
1195 1155 1291 1231 σύ,
1336 1157 1570 1237 θνητὸς
1618 1154 1729 1231 ὤν,
1773 1161 1924 1217 θεοῦ
1972 1166 2108 1227 πῶς
2153 1154 2360 1236 μεῖζον
2411 1154 2489 1217 ἂν
2539 1152 2802 1231 &vivacem

724 1276 837 1340 Sic
898 1281 1096 1359 poeta
1140 1281 1561 1359 spectatores
1606 1279 1804 1358 quasi
1850 1280 1924 1343 in
1971 1282 2233 1344 terram
2279 1279 2610 1354 transfert
2658 1279 3066 1359 fabulosam,
3129 1362 3138 1371 ι

722 1400 909 1464 omni
992 1400 1417 1481 singulorum
1503 1402 1764 1467 civium
1848 1403 2180 1468 desiderio
2267 1388 2810 1468 satisfacientem
2889 1402 3068 1485 (vide

720 1524 1053 1589 Prooemii
1125 1530 1162 1601 ἓ
1235 1526 1318 1601 1).
1388 1526 1639 1591 Iniusti
1705 1528 2304 1593 adhortationibus
2365 1526 2539 1591 nihil
2603 1527 3070 1592 contradicere

717 1650 928 1713 habet
1007 1648 1286 1730 ProbuS,
1359 1650 1535 1730 quod
1608 1652 1992 1717 rectissime
2061 1670 2103 1716 a
2172 1655 2376 1732 poeta
2445 1654 2554 1715 est
2625 1632 3065 1715 institutum:

718 1772 1015 1854 primum
1062 1772 1247 1837 enim
1299 1772 1659 1855 Improbus
1704 1776 2070 1842 victoriam
2117 1776 2318 1840 debet
2366 1778 2734 1857 reportare,
2780 1772 3068 1853 Strepsi-

718 1896 867 1961 adis
911 1895 1324 1977 illaqueandi
1370 1914 1577 1963 causa
1622 1899 1729 1981 (cf.
1780 1900 1962 1965 Part.
2011 1899 2096 1983 II,
2145 1917 2200 1965 c.
2237 1900 2288 1983 Ι,
2338 1904 2375 1977 5
2428 1900 2510 1978 1),
2549 1898 2792 1963 deinde
2823 1912 3072 1963 caveae

722 2019 893 2084 nihil
952 2020 1321 2085 iucundius
1382 2025 1493 2087 est
1556 2040 1760 2103 quarn
1825 2028 2052 2089 terrae
2109 2023 2459 2089 fabulosae
2507 2024 2751 2104 imag0,
2799 2021 3069 2103 qualem

722 2147 923 2223 poeta
968 2145 1030 2207 ei
1078 2144 1370 2211 libenter
1414 2146 1659 2212 offerre
1704 2146 1980 2213 videtur
2026 2148 2110 2212 ad
2157 2147 2344 2211 vitae
2381 2146 2694 2212 dolorum
2727 2145 3073 2227 paulisper

720 2267 1261 2333 obliviscendum
1323 2270 1430 2349 (cf.
1496 2287 1669 2350 quae
1736 2260 1864 2336 hac
1923 2272 2006 2335 de
2069 2288 2142 2336 re
2208 2270 2734 2336 observavimus
2795 2270 2976 2333 Part.
3040 2267 3071 2332 I

724 2408 868 2472 cap.
919 2393 948 2456 I
996 2396 1033 2469 §
1082 2394 1169 2469 2).

812 2516 917 2580 Ad
955 2534 1307 2583 summum
1342 2522 1579 2583 autem
1618 2519 2083 2600 impudentiae
2121 2519 2515 2601 pervenisse
2553 2517 2817 2583 dixeris
2840 2516 3063 2581 Disso-

724 2638 972 2721 lutum‚
1012 2641 1283 2721 quando
1322 2658 1556 2723 rogare
1595 2642 1841 2725 coepit,
1883 2642 2045 2724 quid
2073 2644 2235 2709 mali
2265 2644 2515 2708 habeat
2537 2646 2606 2707 τὸ
2632 2644 3066 2725 εὐρύπρωκτος

724 2758 903 2846 εἶναι,
962 2765 1387 2845 impudicum
1434 2782 1605 2840 esse,
1654 2769 2214 2847 spectatoresque
2261 2768 2716 2849 disputationi
2763 2764 3076 2847 implicat

724 2906 975 2970 eosque
1035 2891 1231 2970 quasi
1292 2891 1553 2955 iudices
1612 2890 1685 2954 in
1734 2889 2042 2972 ipsorum
2088 2907 2294 2957 causa
2340 2892 2694 2973 proponit:
2750 2889 3074 2976 „Patroni

726 3031 1112 3094 causarum,
1160 3014 1405 3094 tragici
1442 3019 1703 3097 poetae,
1745 3015 1977 3096 populi
2017 3017 2479 3081 moderatores
2510 3019 2584 3080 et
2607 3015 3073 3098 spectatorum

728 3137 943 3202 maior
987 3155 1165 3220 parS,
1214 3154 1441 3202 nonne
1488 3153 1728 3203 omnes
1775 3139 2101 3220 impudici
2119 3141 2198 3203 ‘?”
2249 3139 2574 3205 Concedit
2622 3139 2901 3204 Probus,

816 3261 888 3325 Si
939 3261 1401 3326 Athenienses
1447 3261 1705 3326 talibus
1752 3263 2020 3328 facetiis
2065 3263 2440 3329 audacibus
2483 3280 2842 3329 assensum
2869 3261 3072 3342 signi·

728 3385 965 3448 ficasse
1032 3401 1151 3466 pro
1222 3388 1410 3449 certo
1479 3386 1835 3468 sciremu3‚
1899 3387 2346 3452 manifestum
2409 3389 2819 3453 haberemus
2877 3385 3071 3450 docu-

732 3512 1064 3590 mentum,
1112 3525 1229 3574 eos
1272 3512 1396 3574 aut
1433 3527 1633 3574 suam
1670 3510 2079 3590 dignitatem
2117 3511 2557 3591 civitatisque
2599 3511 2806 3576 decus
2829 3526 3070 3590 parum

728 3650 1002 3698 curasse
1060 3637 1184 3699 aut
1244 3634 1487 3699 saltem
1552 3651 1673 3716 per
1720 3635 2174 3701 Bacchanalia
2219 3638 2466 3702 harum
2513 3653 2744 3701 rerum
2791 3651 3070 3700 sensum

732 3758 977 3822 morari
1056 3758 1371 3823 noluisse.
1456 3759 1671 3840 Atqui
1751 3760 2055 3826 Nubium
2117 3761 2418 3827 fabulam
2483 3760 2830 3842 repulsam
2892 3775 3072 3824 acce-

730 3882 911 3961 pisse
956 3881 1231 3963 scimus,
1280 3882 1527 3947 saltem
1576 3883 1864 3949 tertium
1911 3887 2190 3950 tantum
2238 3888 2622 3967 reportasse
2667 3884 3072 3966 praemium.
3155 3870 3163 3876 ’

731 4005 1115 4070 Mirandum
1162 4022 1348 4086 sane,
1397 4006 1725 4087 fabulam,
1777 4024 1984 4088 quam
2033 4009 2408 4074 secundum
2457 4008 2892 4090 Hypothesin
2937 4007 3071 4072 VII

732 4143 840 4212 τῆς
902 4127 1049 4214 ὅλης
1109 4131 1410 4212 ποιήσεως
1472 4129 1804 4196 κάλλιστόν
1869 4154 2019 4214 φασι
2081 4137 2184 4197 καὶ
2235 4136 2684 4218 τξχνικώτατον
2731 4148 3074 4212 quamquo

732 4257 995 4319 scatere
1042 4254 1513 4320 festivissimis
1558 4261 1894 4339 εὑρήμασιν
1935 4275 2136 4324 nemo
2173 4257 2620 4338 contradicet4
2658 4258 2913 4339 primas
2938 4272 3074 4320 non

732 4377 996 4442 tulisse.
1047 4377 1312 4443 Cratini
1353 4379 1606 4462 Pytina
1644 4383 1719 4446 et
1765 4383 2122 4464 Amipsiae
2161 4383 2448 4465 Connas
2489 4383 2717 4448 sinon
2759 4381 3078 4446 meliores

729 4502 1029 4582 fuerunt,
1070 4507 1256 4566 certe
1293 4519 1725 4586 quacumque
1767 4506 1848 4571 de
1876 4523 2082 4572 causa
2108 4507 2324 4586 magis
2347 4506 2778 4588 placuerunt.
2809 4504 3074 4571 Verum

730 4625 915 4690 enim
968 4642 1127 4690 vero
1175 4625 1363 4691 hisce
1401 4629 1800 4694 certaminis
1838 4631 2108 4696 ultimis
2143 4629 2620 4695 audacissimis
2655 4628 2727 4694 in
2749 4627 3078 4710 populum

734 4749 1111 4814 universum
1160 4751 1489 4816 conviciis
1538 4789 1617 4800 —
1668 4755 1918 4833 quibus
1961 4755 2220 4820 auditis
2267 4754 2614 4818 horrorem
2649 4753 3077 4834 spectatores
