3478 5737
1801 578 1887 643 96

1073 773 1301 852 ἄνοιγ’,
1345 774 1548 851 ἄνοιγ’
1595 775 1833 847 ἀνύσας
1880 778 1948 838 τὸ
1998 777 2472 857 φροντιστήριον

1075 904 1177 962 καὶ
1228 898 1428 973 δεῖξον
1479 902 1562 973 ὡς
1609 902 1873 984 τάχιστά
1917 925 2023 981 μοι
2070 904 2179 963 τὸν
2226 903 2557 984 Σωκράτη.

1073 1024 1366 1100 μαθητιῶ
1414 1016 1567 1099 γάρ·
1613 1015 1754 1080 ἀλλ’
1803 1016 2013 1095 ἄνοιγε
2062 1021 2173 1099 τὴν
2220 1020 2446 1100 θύραν.

763 1137 1364 1219 Supervacaneum
1410 1141 1544 1205 erit
1590 1142 1658 1205 h.
1707 1142 1751 1205 l.
1800 1141 2051 1206 iterum
2101 1158 2381 1237 monere
2426 1143 2698 1223 poetam
2744 1154 2825 1203 eo
2871 1154 3023 1201 con·

673 1262 825 1326 silio
887 1264 1250 1329 ianitorem
1313 1264 1556 1330 fecisse
1618 1264 1738 1329 illa
1798 1266 2130 1331 miracula
2182 1244 2605 1346 narrantem,
2654 1266 2735 1327 ut
2780 1260 3021 1326 rustici

673 1388 1227 1453 corroboraretur
1285 1387 1460 1453 falsa
1521 1388 1604 1453 de
1665 1361 2108 1471 philosophis
2152 1390 2403 1471 opini0.
2474 1388 2587 1453 Sic
2634 1403 2779 1451 rem
2825 1384 3021 1449 insti·

667 1510 808 1575 tuit
853 1514 1073 1593 poeta,
1121 1515 1201 1577 ut
1245 1513 1316 1577 in
1371 1512 1506 1577 fine
1553 1513 1827 1577 fabulae
1866 1512 2297 1595 Strepsiades
2334 1530 2413 1579 eo
2450 1511 2763 1578 acerbius
2800 1508 3021 1592 ipsius

667 1652 919 1717 pravae
982 1637 1325 1718 opinionis
1385 1637 1508 1702 fiat
1570 1636 1964 1720 ludibrium,
2015 1655 2148 1718 quo
2196 1638 2453 1703 maiore
2500 1637 2725 1702 elatus
2770 1635 3021 1700 fuisset

665 1776 805 1841 spe.
879 1760 988 1825 An
1055 1761 1525 1842 accipiendum
1595 1762 1722 1827 tibi
1786 1761 2062 1827 videtur
2124 1779 2405 1826 caveam
2468 1761 2771 1825 rationes
2832 1759 3018 1823 inter

667 1882 1084 1965 discipulum
1146 1865 1216 1949 et
1287 1884 1640 1950 Socratem
1709 1886 2044 1951 eiusmodi
2115 1886 2244 1951 sibi
2316 1885 2622 1966 finxisse,
2664 1869 2768 1948 'ut
2827 1883 3017 1948 disci-

669 2006 873 2087 pulus
931 2011 1055 2072 aut
1115 2025 1288 2087 quae
1347 2028 1575 2075 revera
1629 2010 1815 2075 facta
1858 2013 2094 2075 essent
2138 2010 2455 2091 proderet
2498 2012 2623 2073 aut
2670 2007 3014 2073 malitiose

669 2130 1074 2211 magistrum
1171 2133 1486 2198 studeret
1574 2134 2031 2199 calumniari?
2140 2134 2285 2199 Iam
2384 2134 2691 2198 diximus
2778 2147 3021 2196 omnes

666 2256 1151 2337 absurditates„
1216 2260 1503 2338 excepto
1565 2257 1624 2322 si
1687 2258 1912 2340 placet
1969 2259 2155 2323 furto
2217 2245 2459 2341 faceto,
2506 2257 2638 2322 ioci
2687 2272 2896 2321 causa
2942 2255 3014 2319 in

668 2396 909 2445 omnes
990 2380 1121 2445 dici
1207 2398 1406 2462 posse
1479 2382 1933 2463 philosophos.
2028 2381 2199 2463 Quid
2268 2386 2503 2447 autem
2575 2379 3013 2461 cogitandum

669 2504 750 2567 de
815 2504 961 2585 ipso
1027 2504 1328 2570 Socratis
1374 2506 1611 2570 furto?
1679 2505 1861 2571 Num
1913 2507 2137 2571 voluit
2182 2507 2686 2588 Aristophanes
2731 2504 3016 2587 philoso-

670 2624 884 2708 phum
943 2630 1232 2709 probum
1290 2646 1495 2709 quam
1544 2630 1985 2695 acerbissime
2031 2630 2511 2711 perstringere,
2560 2646 2719 2694 eum
2766 2644 3015 2693 caveae

668 2752 1022 2816 cachinnis
1066 2752 1449 2817 tradendo?
1481 2754 1529 2832 1)

759 2877 1151 2942 Videamus,
1225 2877 1296 2943 Si
1359 2895 1504 2942 rem
1551 2880 1749 2943 nobis
1794 2883 1982 2944 recte
2030 2880 2351 2945 volumus
2399 2895 2791 2960 proponere,
2842 2895 3016 2960 opus

667 3006 794 3084 est,
843 3005 923 3065 ut
969 3018 1097 3066 nos
1143 3003 1459 3068 sedentes
1505 3003 1845 3083 fingamus
1890 3004 2071 3068 inter
2116 3007 2445 3086 agrestes,
2486 3003 2604 3084 qui
2636 3003 3014 3084 gloriantes

668 3129 1231 3204 commemorant,
1293 3131 1556 3208 quanta
1615 3127 1993 3192 calliditate
2048 3129 2447 3208 astutiaque
2500 3127 2855 3192 esculenta
2901 3126 3014 3192 vel

668 3250 1044 3331 potulenta,
1093 3249 1494 3332 plerumque
1541 3252 1811 3333 vesperi
1858 3254 2023 3316 ante
2068 3253 2367 3333 primum
2418 3251 2811 3334 incipientis
2846 3250 3014 3314 anni

668 3374 872 3456 diem,
919 3375 1132 3439 animi
1170 3390 1377 3439 causa
1413 3391 1450 3439 e
1491 3375 1737 3440 vicinis
1773 3376 2149 3456 amicisque
2180 3375 2501 3476 domibus
2533 3375 3013 3456 surripuerint.

669 3499 814 3580 Quo
876 3499 1032 3577 quis
1089 3499 1396 3564 astutius
1459 3499 1724 3564 furtum
1776 3499 1885 3564 vel
1934 3502 2211 3581 raptum
2262 3499 2577 3581 confecit,
2626 3514 2707 3564 eo
2754 3497 3013 3563 maiore

669 3621 867 3686 laude
935 3621 1180 3702 dignus
1248 3624 1562 3705 habetur,
1633 3623 2075 3704 ridentesque
2140 3624 2375 3688 omnia
2434 3621 2769 3688 eiusmodi
2830 3622 3014 3686 male

668 3746 850 3809 facta
916 3749 1202 3810 narrant
1269 3750 1343 3811 et
1401 3747 1713 3812 audiunt.
1802 3749 2015 3814 Estne
2075 3765 2273 3830 porro
2333 3764 2507 3829 opus
2568 3748 2639 3812 in
2700 3746 3009 3811 animum

749 3977 796 4048 1)
850 3975 950 4033 Ad
1005 3975 1200 4032 locum
1257 3975 1589 4052 Berglerus
1641 3975 1811 4052 (edit.
1869 3976 2203 4035 Burmanni
2265 3977 2443 4050 1740)
2485 3979 2763 4034 annotat:
2812 3973 3015 4048 „Satis

668 4071 884 4130 acerba
942 4073 1288 4144 insectatio;
1345 4074 1397 4130 si
1454 4073 1698 4147 quidem
1756 4073 2033 4131 Socrates
2087 4054 2493 4150 phisosophuS,
2538 4093 2657 4130 non
2696 4072 3012 4148 vulgarem

668 4170 816 4228 alias
866 4171 1228 4245 gravitatem
1277 4189 1420 4247 prae
1462 4189 1528 4228 se
1569 4169 1788 4246 ferenS,
1834 4171 1894 4227 in
1934 4171 2252 4248 palaestra,
2296 4169 2403 4228 ubi
2442 4170 2615 4248 pueri
2657 4173 3017 4228 exercentur

667 4265 833 4342 nudi,
877 4271 1109 4325 vestem
1149 4265 1387 4326 furatus
1427 4267 1576 4326 est.’'

747 4363 1031 4423 Absurde
1091 4384 1234 4423 sane
1297 4384 1450 4440 quae
1509 4365 1822 4424 contendit
1876 4365 2271 4424 Schroliastes:
2329 4365 2651 4432 διαβάλλει
2709 4365 2772 4421 δὲ
2830 4363 3013 4419 αὐτὸν

669 4465 742 4527 ὡς
786 4474 912 4540 περὶ
959 4473 1068 4528 τας
1111 4467 1491 4541 παλαίστρας
1537 4471 1652 4520 τῶν
1696 4465 1919 4520 παίδων
1968 4465 2162 4521 ἕνεκεν
2192 4465 2599 4542 διατρίβοντα.
2646 4461 2747 4518 Sic
2775 4479 3016 4537 semper

667 4561 1026 4636 interpretes
1068 4561 1130 4617 et
1170 4565 1406 4620 veteres
1448 4561 1511 4618 et
1555 4563 1920 4620 recentiores
1960 4581 2077 4620 non
2120 4561 2314 4620 solum
2356 4560 2765 4636 perstringere
2808 4563 3018 4616 amant

667 4655 991 4734 Socratem,
1035 4659 1144 4716 sed
1187 4651 1367 4716 etiam
1411 4665 1624 4736 poetae
1666 4659 1985 4718 ostendere
2028 4657 2437 4717 acerbitatem.
2484 4653 3017 4714 Cf.Kockiii11di-

669 4756 827 4814 cium
868 4754 944 4814 de
986 4776 1074 4814 ve.
1119 4757 1235 4815 215
1277 4755 1478 4828 (huius
1522 4777 1648 4834 cap.
1695 4759 1734 4834 ξ
1764 4760 1820 4833 (3,
1863 4777 2001 4835 pag.
2053 4758 2205 4830 104).
