3478 5737
1539 584 1663 649 193

784 782 953 860 ἡμεῖς
1001 792 1296 859 ποιοῦμεν
1346 780 1532 844 ταῦθ’
1579 780 1868 844 ἑκάστοθ’
1916 778 2111 844 ὅντιν’
2160 782 2239 843 ἂν

782 916 1027 986 γνῶμεν
1076 918 1368 989 πονηρῶν
1418 907 1547 971 ὄντ’
1593 909 1856 989 ἐραστὴν
1906 910 2315 989 πραγμάτων,

779 1028 893 1103 ἕως
937 1032 1015 1094 ἂν
1062 1035 1256 1095 αὐτὸν
1304 1032 1671 1117 ἐμβάλωμεν
1719 1036 1803 1105 εἷς
1851 1034 2066 1108 κακόν,

782 1154 950 1229 ὃπως
995 1158 1074 1221 ἂν
1121 1157 1252 1241 εἰδῇ
1303 1164 1446 1232 τοὺς
1493 1164 1674 1231 θεοὺς
1721 1158 2080 1221 δεδοικέναι.

520 1278 816 1344 Tandem
881 1287 1035 1362 post
1092 1284 1200 1347 tot
1261 1282 1656 1348 discrimina
1717 1300 1946 1348 rerum
2011 1282 2313 1347 rusticus
2358 1280 2575 1344 oculis
2622 1295 2763 1359 cog·

426 1404 650 1467 noscit
713 1405 970 1485 apertis
1029 1424 1103 1471 se
1163 1408 1506 1471 erroribus
1567 1408 1781 1472 fuisse
1843 1411 2119 1489 captum
2182 1405 2628 1484 conceditque
2690 1422 2762 1469 se

429 1528 676 1591 merito
717 1531 982 1593 acerbis
1025 1530 1348 1597 affectum
1399 1548 1546 1596 esse
1595 1531 1868 1596 iniuriis
1914 1537 2041 1608 (vs,
2094 1530 2263 1595 1462
2312 1530 2471 1609 sq.):

603 1655 790 1733 οἴμοι,
837 1656 1082 1738 πονηρά
1127 1656 1209 1734 γ’,
1255 1652 1305 1719 ὦ
1353 1656 1656 1737 Νεφέλαι,
1703 1656 1919 1719 δίκαια
1965 1654 2053 1719 δέ.

605 1784 690 1843 οὐ
751 1784 899 1861 γάρ
961 1782 1026 1863 μ’
1089 1783 1326 1866 ἐχρῆν
1393 1788 1482 1845 τὰ
1547 1780 1894 1866 χρήμαθ’
1960 1784 1999 1843 ἃ
2046 1780 2599 1860 ἐδανεισάμην

603 1908 1120 1990 ἀποστερεῖν.

517 2020 595 2084 In
659 2022 844 2088 hunc
917 2024 1190 2088 modum
1258 2026 1460 2104 poeta
1520 2023 1791 2103 rationi,
1856 2040 2029 2102 quae
2091 2022 2273 2085 inter
2333 2020 2635 2084 Chorum
2692 2023 2763 2084 et

431 2142 888 2227 Strepsiadem
936 2147 1348 2225 intercessit,
1397 2146 1726 2227 imposuit
1772 2146 1999 2229 finem,
2048 2162 2221 2225 quae
2259 2145 2763 2225 spectatoribus

427 2272 702 2334 omnino
749 2270 1133 2347 satisfaciat
1177 2288 1450 2335 necesse
1487 2288 1636 2335 esse
1674 2270 2001 2335 dixerim:
2042 2269 2283 2334 rustici
2316 2268 2498 2333 enim
2534 2268 2759 2349 paeni·

429 2395 662 2474 tentia,
735 2394 1072 2475 Chorique
1144 2397 1318 2461 bona
1385 2412 1580 2459 mens
1648 2399 1969 2476 rectaque
2032 2394 2355 2459 voluntas
2414 2394 2763 2473 patefacta

428 2518 703 2599 placant
745 2520 1116 2599 aequitatis
1161 2521 1603 2599 iustitiaeque
1649 2536 1952 2583 sensum.

517 2642 657 2723 Quo
715 2648 952 2710 autem
1015 2650 1216 2727 pacto
1275 2664 1349 2711 se
1411 2647 1730 2727 praebere
1776 2645 2022 2709 debeat
2070 2643 2370 2708 rusticus
2414 2642 2485 2706 in
2534 2642 2759 2707 Socra-

429 2772 565 2832 tem
631 2770 1260 2853 Phidippidemque‚
1309 2770 1448 2834 iam
1493 2770 1867 2850 quaeritur.
1946 2769 2154 2834 Poeta
2201 2768 2375 2832 hanc
2420 2769 2757 2833 rationem

427 2909 512 2956 ex
558 2911 1006 2974 personarum
1055 2913 1420 2976 rerumque
1467 2899 1713 2959 natura
1750 2894 1899 2974 ipsa
1936 2892 2241 2957 deduxit.
2308 2893 2757 2975 StrepsiadeS‚

426 3034 626 3096 quem
696 3019 894 3099 pravi
960 3021 1066 3084 sui
1135 3020 1398 3084 consilii
1459 3019 1597 3084 iarn
1661 3020 1989 3100 paenitet,
2053 3017 2316 3083 Socrati
2374 3019 2757 3084 condonare

425 3141 610 3206 nullo
679 3143 877 3208 modo
923 3148 1170 3225 potest,
1221 3145 1394 3224 quod
1443 3145 1572 3209 sibi
1621 3148 1770 3208 tam
1816 3143 2079 3224 egregie
2126 3143 2455 3223 imposuit
2502 3142 2563 3207 Ν
2570 3145 2756 3208 ubes·

425 3281 554 3346 que
600 3266 907 3331 omnium
953 3267 1298 3332 fraudium
1345 3269 1672 3332 fautrices
1717 3285 1865 3332 esse
1913 3267 2290 3332 simulavit.

511 3389 608 3454 Ea
666 3391 970 3456 Socratis
1025 3392 1226 3474 culpa
1286 3393 1618 3474 supplicio
1663 3396 1773 3457 est
1816 3391 2173 3473 expianda.
2245 3391 2759 3472 Spectatoribus

423 3513 488 3578 id
542 3515 856 3595 iniquum
903 3533 1040 3581 non
1089 3516 1322 3596 videri,
1369 3516 1564 3580 facile
1611 3516 2053 3596 intellegitur,
2101 3516 2357 3580 etenim
2407 3515 2755 3582 Socratem

423 3637 583 3703 data
641 3655 846 3721 opera
912 3641 1341 3705 rusticellum
1407 3640 1732 3705 fefellisse
1792 3641 2041 3704 sciunt.
2123 3641 2457 3722 Quoniam
2517 3647 2755 3707 autem

419 3763 569 3827 eius
605 3765 877 3846 culpam
909 3781 986 3829 eo
1024 3765 1344 3830 imminui
1376 3766 1817 3847 perspiciunt,
1852 3764 2026 3844 quod
2064 3763 2477 3848 Strepsiadis
2508 3767 2756 3832 salutis

419 3889 892 3968 commodique
937 3905 1094 3970 ergo
1141 3893 1412 3953 montes
1447 3892 1722 3954 tantum
1760 3889 2153 3970 promiserit
2182 3907 2445 3971 aureos,
2478 3909 2755 3970 necesse

418 4017 546 4094 est,
597 4016 674 4077 ut
721 4014 948 4078 minus
981 4014 1348 4078 attendant
1383 4014 1467 4078 ad
1508 4013 1811 4078 Socratis
1846 4013 2114 4093 culpam
2156 4031 2363 4092 quam
2398 4015 2484 4079 ad
2524 4015 2751 4098 Strep-

417 4135 628 4200 siadis
692 4138 864 4202 iram
937 4137 1438 4218 ulciscendique
1507 4138 1980 4218 cupiditatem,
2040 4155 2214 4216 quae
2276 4139 2603 4204 nimirum
2666 4143 2753 4206 ab

417 4260 664 4325 inculti
706 4262 996 4342 agrestis
1039 4262 1264 4326 indole
1311 4263 1594 4326 minime
1637 4262 2019 4326 abhorreat.
2080 4261 2189 4327 Nil
2236 4263 2447 4342 igitur
2492 4264 2752 4330 insoliti

413 4385 602 4449 inest
645 4385 717 4450 in
765 4385 984 4467 patris
1027 4387 1112 4450 ad
1158 4386 1376 4451 filium
1421 4387 1900 4451 adhortatione
1946 4393 2073 4464 (vs,
2126 4387 2295 4450 1464
2344 4389 2503 4468 sq.):

1301 4525 1416 4576 νῦν
1465 4508 1576 4576 οὖν
1624 4511 1815 4588 ὃπως,
1862 4507 1911 4574 ὦ
1960 4511 2237 4593 φίλτατε,

683 4641 791 4701 τὸν
841 4645 1264 4719 Χαιρεφῶντα
1312 4643 1416 4702 τὸν
1464 4644 1688 4720 μιαρὸν
1737 4645 1841 4702 καὶ
1888 4643 2201 4721 Σωκράτη

1804 4763 1819 4792 ²

680 4761 934 4836 ἀπολεῖς
977 4763 1317 4845 μετελθών,
1365 4770 1440 4826 οἳ
1500 4768 1576 4828 σὲ
1639 4765 1795 4844 κᾶμ
1881 4763 2315 4848 ἐξηπάτων.

2614 4877 2680 4931 13
