3478 5737
1574 561 1697 623 155

548 754 655 819 Ad
724 758 1036 821 nostrum
1100 752 1277 819 redit
1339 753 1675 835 Socrates,
1741 772 1948 836 quem
2007 758 2364 822 absentem
2429 756 2642 823 fuisse
2689 774 2808 839 per

457 882 877 959 postremam
966 877 1489 943 altercationem
1578 882 1702 943 aut
1795 880 2364 945 meditabundum
2453 882 2810 947 adstitisse

460 1001 835 1066 verisimile
895 1003 1023 1065 est.
1110 1002 1327 1082 Rogat
1390 1002 1736 1085 magister,
1795 1021 1960 1069 num
2030 1006 2438 1085 meditetur3
2511 1043 2591 1051 —
2661 1011 2810 1089 „NiJ

460 1132 567 1191 τὸν
653 1126 1001 1203 [Iocis-(5013,n
1086 1126 1393 1191 affirmat
1474 1128 1808 1208 agricola:
1893 1130 2228 1213 „meditor
2295 1147 2461 1195 num
2531 1130 2812 1195 cimices

459 1251 715 1331 aliquid
778 1250 861 1315 de
922 1267 1033 1315 me
1096 1252 1241 1316 sint
1302 1250 1671 1317 relicturi.”
1724 1288 1805 1299 -
1856 1251 2137 1317 'Annia
2178 1252 2439 1319 κάκιστ’.
2501 1290 2564 1300 -
2615 1254 2808 1319 Ἀλλ’

464 1372 513 1439 ὦ
573 1375 791 1457 ἀγάθ’,
853 1370 1136 1439 ἀπόλωλ’
1196 1378 1442 1459 ἀρτίως.
1502 1412 1564 1421 -
1624 1376 1951 1459 Magistro
2013 1378 2243 1461 igitur,
2303 1380 2411 1443 cui
2461 1380 2594 1445 iam
2647 1384 2812 1445 nota

462 1505 570 1567 est
620 1500 858 1566 rustici
904 1504 969 1565 ἐκ
1018 1514 1143 1565 τῶν
1193 1504 1421 1584 κόρεων
1468 1502 1790 1567 anxietas
1836 1509 1964 1581 (VS.
2012 1504 2186 1586 634),
2235 1520 2368 1568 non
2419 1504 2813 1569 dissimulat

464 1626 771 1692 dolorum
820 1643 1117 1707 causam,
1168 1642 1373 1706 quam
1422 1627 1772 1709 opinatam
1821 1644 1970 1692 esse
2018 1626 2254 1693 nullus
2289 1644 2424 1693 non
2467 1632 2814 1710 spectator

464 1750 821 1831 intellegit,
873 1752 1117 1831 utpote
1163 1754 1495 1832 expertus
1539 1768 1746 1830 quam
1795 1751 1994 1817 facile
2040 1768 2266 1816 vanus
2301 1751 2548 1833 pulicis
2587 1754 2816 1817 metus

465 1875 765 1939 dolorem
812 1874 1030 1955 possit
1076 1890 1360 1939 evocare
1406 1874 1491 1939 ad
1539 1890 1742 1940 veros
1787 1892 1874 1939 ex
1922 1892 2154 1940 morsu
2203 1873 2467 1940 dolores
2504 1876 2817 1956 proxime

469 1997 932 2063 accedentem.

558 2122 817 2187 Iterum
900 2123 1093 2201 rogat
1162 2120 1480 2187 Socrates
1560 2122 1920 2203 rusticum,
1995 2127 2072 2187 ut
2137 2122 2676 2202 cogitationibus
2744 2138 2816 2187 se

471 2246 703 2311 tradat
745 2250 871 2325 (vs,
922 2246 1051 2310 728
1100 2250 1259 2326 sq.):

1004 2368 1337 2451 ἐξευρετέος
1382 2374 1501 2453 γὰρ
1552 2385 1699 2445 νοῦς
1748 2375 2228 2456 ἀποστερητικὸς

1007 2483 1109 2541 καὶ
1158 2477 1507 2562 ἀπαιόλημ’

558 2602 791 2667 Denuo
841 2603 1170 2684 magister
1202 2603 1534 2683 relinquit
1573 2620 1914 2669 scaenam.
1963 2604 2248 2670 Interim
2295 2603 2567 2688 ,,οἴμοι,”
2601 2602 2820 2668 excla-

472 2731 616 2791 mat
672 2726 987 2809 agricola,
1056 2728 1251 2811 „quis
1313 2728 1591 2793 tandem
1639 2746 1725 2793 ex
1777 2728 2070 2810 pellibus
2116 2745 2450 2809 agnorum
2499 2728 2821 2792 innocen-

472 2850 667 2933 tium,
731 2871 773 2916 a
819 2850 1173 2917 fraudibus
1218 2852 1822 2936 alienissimorum,
1872 2852 2001 2918 si'oi
2052 2853 2304 2920 inicere
2351 2852 2607 2936 poterit
2651 2850 2820 2930 γνώ-

469 3003 593 3060 μην
632 2977 1125 3061 ἀποστερητρίδα
1140 2975 1220 3039 ?”
1262 2977 1517 3043 Statim
1556 2978 1735 3043 redit
1767 2977 2085 3043 Socrates
2118 2978 2420 3058 dicitque
2457 2980 2582 3058 (VS.
2624 2978 2812 3052 731):

874 3103 1013 3184 φέρε
1060 3128 1174 3167 νυν
1222 3106 1482 3185 ἀθρήσω
1530 3116 1780 3186 πρῶτον
1831 3101 1862 3166 ὃ
1911 3129 1967 3167 τι
2018 3103 2136 3188 δρᾷ
2187 3106 2453 3167 τουτονί.

875 3207 1075 3290 οὗτος,
1122 3211 1485 3288 καθεύδειςς

566 3333 753 3398 Tunc
838 3336 1151 3417 sequitur
1220 3337 1430 3419 iocus,
1501 3353 1702 3415 quem
1777 3339 1848 3399 et
1907 3334 2314 3399 scholiastes
2377 3336 2450 3398 et
2514 3332 2821 3398 nonnulli

478 3458 608 3522 viri
668 3458 851 3524 docti
912 3462 1020 3538 (cf.
1088 3459 1486 3525 Heidhuesii
1534 3459 2015 3540 interpretatio
2062 3477 2128 3540 p.
2176 3459 2282 3536 25)
2330 3459 2429 3524 ita
2475 3456 2824 3523 illustran-

477 3582 637 3646 dum
706 3601 855 3648 esse
924 3586 1279 3667 putavere,
1345 3589 1423 3649 ut
1486 3600 1622 3648 non
1685 3584 1902 3648 risum
1965 3583 2080 3646 sed
2150 3599 2478 3647 nauseam
2529 3585 2822 3646 moveat.

479 3707 753 3772 Dictum
839 3709 1067 3789 ipsum
1152 3727 1399 3774 caveae
1470 3725 1782 3772 summae
1853 3707 1992 3772 iam
2062 3707 2338 3789 sufficit,
2410 3708 2670 3788 opinor,
2740 3705 2823 3769 ad

478 3829 691 3895 risum
740 3831 1178 3897 movendum.

568 3955 781 4020 Estne
850 3939 1241 4020 mirandum
1313 3957 1411 4020 sic
1480 3955 1741 4036 agendo
1813 3955 2232 4037 interpretes
2300 3954 2509 4018 nimis
2554 3954 2827 4034 iniquos

479 4080 655 4144 artis
713 4079 1261 4162 Aristophaneae
1315 4080 1573 4144 iudices
1635 4079 1915 4143 reddere
1974 4079 2316 4144 lectores?
2385 4077 2826 4159 Quemadmo-

480 4203 643 4268 dum
706 4205 991 4269 facetias
1054 4204 1431 4286 indecoras,
1488 4205 1586 4268 sic
1633 4204 1848 4268 etiam
1896 4203 1968 4268 in
2017 4203 2372 4269 Socratem
2419 4203 2828 4268 acerbitates

482 4330 720 4392 amant
765 4346 1195 4410 exaggerare.
1226 4327 1275 4407 1)

562 4541 611 4614 1)
652 4537 787 4612 Quo
828 4540 1214 4617 pervenerint
1254 4538 1546 4598 effrenata
1588 4538 1808 4614 studia,
1853 4539 2117 4615 vestigia
2159 4538 2420 4616 duplicis
2461 4537 2828 4596 recensionis

488 4635 816 4714 indagandi
870 4657 1050 4696 causa
1102 4641 1401 4714 suscepta,
1460 4638 1638 4715 plane
1694 4637 2027 4696 ostendunt
2065 4635 2315 4696 huiusce
2358 4653 2610 4696 scaenae
2653 4653 2829 4693 vexa-

488 4736 695 4796 tiones
762 4734 949 4794 Brevi
988 4736 1051 4793 in
1092 4739 1416 4813 conspectu
1456 4734 1729 4793 diversas
1770 4735 2037 4792 virorum
2077 4733 2392 4792 doctorum
2421 4733 2830 4793 conclusiones
