3478 5737
1558 584 1680 647 103

444 784 787 845 terrarum
848 782 957 843 est
1024 778 1386 859 delineata,
1414 777 1465 854 1)
1511 781 1706 858 rogat
1754 778 2185 860 Strepsiades
2228 786 2357 857 (vs.
2406 779 2590 857 200):
2640 784 2793 863 πρὸς

444 919 567 969 τῶν
630 912 819 982 θεῶν,
882 907 942 968 τί
988 908 1109 986 γὰρ
1158 900 1299 968 τάδ’
1344 905 1557 978 {crim
1601 906 1733 967 dm!
1779 930 1904 986 μοι.
1977 904 2513 987 SpectaboribUS,
2563 912 2791 985 quate-

442 1047 573 1095 nus
617 1030 867 1095 talium
917 1047 1145 1094 rerum
1194 1045 1329 1093 non
1382 1045 1657 1110 prorsus
1702 1030 1848 1095 sint
1884 1029 2126 1111 ignari,
2168 1028 2227 1093 si
2259 1030 2478 1094 vident
2501 1028 2550 1108 2)
2583 1034 2792 1111 atque

438 1158 819 1234 agnoscunt
880 1154 1169 1235 tabulae,
1234 1152 1457 1217 denuo
1502 1157 1790 1235 apparet
1837 1154 2079 1218 rustici
2129 1154 2518 1218 inscientia.
2586 1155 2788 1238 „Geo-

442 1279 734 1343 metria”
795 1278 1083 1359 roganti,
1138 1295 1383 1359 „quam
1432 1278 1513 1343 ad
1564 1296 1708 1342 rem
1750 1279 1844 1344 sit
1893 1278 2116 1359 usui‚”
2164 1278 2331 1343 dicit
2377 1278 2786 1359 discipulus:

438 1404 521 1467 ad
569 1406 639 1467 τὸ
685 1418 803 1485 γῆν
851 1407 1351 1485 mammaeam.
1404 1402 1505 1466 Ex
1555 1402 1760 1467 huius
1813 1403 1996 1468 vocis
2042 1402 2494 1483 ambiguitate
2529 1403 2790 1482 petitur

437 1527 646 1609 iocus,
695 1508 897 1607 idque
943 1528 1165 1593 denuo
1212 1528 1327 1607 sic,
1372 1531 1452 1590 ut
1490 1526 1797 1591 rusticus
1837 1528 2140 1591 rideatur
2179 1528 2264 1592 ob
2296 1527 2788 1592 stultissimam

438 1652 981 1717 conclusionem:
1069 1651 1235 1716 illud
1322 1654 1593 1732 σόφισμα
1662 1654 1982 1715 statuens
2053 1668 2202 1715 esse
2273 1651 2609 1734 δημοτικὸν
2687 1657 2789 1714 καὶ

440 1780 762 1859 χρήσιμον,
810 1776 851 1840 i.
902 1792 960 1839 e.
1007 1776 1187 1857 δήμῳ
1237 1776 1722 1853 utilissimum3
1771 1778 1975 1855 putat
2020 1776 2206 1839 enim
2257 1780 2474 1841 totam
2523 1780 2785 1840 terram

436 1899 783 1964 divisuros
828 1916 975 1963 osse
1024 1900 1461 1981 philosophos
1499 1898 1906 1978 civibusque
1938 1900 2351 1979 pauperibus
2381 1898 2783 1963 distributu-

436 2038 566 2087 ros.
634 2022 891 2087 Deinde
936 2040 1097 2087 cum
1142 2022 1519 2103 discipulus
1564 2021 1639 2085 in
1686 2020 1926 2085 tabula
1973 2022 2425 2103 geographica
2461 2021 2784 2103 deinceps

434 2146 689 2211 indicat
767 2182 827 2191 —
908 2146 1418 2227 spectatoribus
1498 2144 2028 2225 inspicientibus
2110 2182 2168 2189 —
2255 2145 2786 2209 Atheniensium

442 2272 701 2351 urbem,
750 2270 1097 2349 regionem
1146 2270 1479 2350 Atticam,
1528 2270 1862 2332 Κίκυνναιν
1913 2268 2134 2347 δῆμον,
2181 2268 2544 2349 Euboea-m,
2591 2269 2784 2332 Lace·

432 2390 784 2469 daemona,
834 2389 1097 2470 lepidae
1146 2389 1562 2471 Strepsiadis
1609 2389 2128 2453 observationes
2177 2388 2459 2453 minime
2507 2404 2585 2451 eo
2633 2405 2782 2452 con-

430 2514 583 2579 silio
628 2532 671 2578 a
718 2517 921 2595 poeta
965 2514 1395 2593 excogitatae
1440 2518 1793 2596 apparent,
1848 2518 1922 2578 ut
1967 2532 2079 2577 ars
2117 2514 2479 2593 sugilletur
2519 2530 2782 2593 geogra-

433 2638 650 2721 phica,
725 2638 841 2703 sed
906 2641 1225 2719 spectant
1284 2642 1410 2703 aut
1476 2638 2002 2703 Atheniensium
2071 2638 2400 2702 instituta
2459 2638 2782 2716 (δικαστὰς

431 2770 545 2848 οὐχ
592 2767 716 2845 ὁρῶ
764 2765 1160 2847 καθημένους
1214 2782 1309 2827 vs.
1361 2764 1511 2841 208)
1553 2767 1677 2827 aut
1722 2781 1959 2828 eorum
1996 2780 2104 2827 res
2137 2762 2450 2844 politicas
2479 2769 2627 2839 (ὑπὸ
2661 2769 2781 2846 γὰρ

436 2895 609 2970 ἡμῶν
670 2894 991 2973 παρετάθη
1041 2895 1143 2953 καὶ
1192 2888 1566 2971 ΙΙερικλέυυς
1615 2907 1706 2952 SC.
1757 2893 1790 2968 ἡ
1842 2891 2105 2974 Εὔβοια,
2157 2905 2254 2952 VS.
2308 2891 2470 2968 213;
2521 2893 2777 2970 φροντί-

430 3019 577 3094 ζετε,
638 3021 875 3099 ταύτην
924 3023 1042 3094 (SC.
1092 3023 1202 3096 τὴν
1252 3015 1732 3096 Λακεδαίμονα)
1779 3013 1887 3094 ἀφ’
1937 3019 2114 3096 ἡμῶν
2163 3019 2514 3092 ἀπαγαγεῖν
2565 3015 2779 3099 πόρρω

508 3301 557 3378 1)
603 3301 705 3358 Sic
746 3299 1033 3358 facillime
1077 3302 1176 3357 τὸν
1220 3301 1573 3364 σκευοποιῶν,
1620 3299 1655 3356 i.
1702 3317 1753 3356 e.
1799 3317 1954 3372 eum,
1998 3298 2102 3372 qui
2141 3317 2424 3374 personas
2461 3303 2523 3354 et
2560 3298 2776 3356 instru-

430 3403 634 3456 menta
686 3403 861 3475 parat
913 3398 1201 3472 scaenica,
1258 3399 1339 3455 sit
1386 3402 1566 3474 poeta
1609 3396 1735 3472 ipse
1781 3400 1988 3472 utpote
2032 3396 2637 3471 κωμῳδοδιδάσκαλος
2677 3397 2774 3454 vel

428 3497 704 3572 signator
743 3496 1100 3570 (remiss-eur),
1144 3495 1226 3554 sit
1269 3495 1422 3553 alius
1466 3493 1783 3570 quispiam,
1815 3511 2060 3550 munere
2089 3512 2196 3550 suo
2226 3491 2479 3568 defungi
2507 3493 2776 3568 potuisse

428 3593 711 3651 arbitror.

506 3692 555 3764 2)
610 3691 959 3748 Leeuwenii
1012 3690 1210 3766 opinio
1266 3687 1364 3760 (cf.
1422 3687 1501 3746 ad
1556 3707 1643 3745 vs,
1706 3689 1822 3745 184
1863 3687 2102 3763 annot.)‚
2148 3687 2547 3745 instrumenta
2589 3695 2776 3746 astro-

427 3789 665 3846 nomica
717 3789 816 3846 vel
870 3787 1274 3864 geographica
1329 3786 1519 3844 oculis
1571 3790 1978 3862 spectatorum
2041 3804 2146 3842 -ηοη
2193 3803 2325 3843 esse
2369 3783 2620 3860 obiecta,
2665 3784 2774 3844 sed

427 3885 839 3962 Strepsiadem
898 3891 1039 3944 ante
1094 3887 1332 3942 ianuam
1376 3889 1643 3960 apert-am
1687 3882 1766 3939 de
1808 3882 1884 3940 iis
1927 3903 2062 3940 cum
2108 3883 2358 3940 ianitore
2402 3881 2774 3955 confabulari

424 3980 591 4058 quod
658 3982 807 4042 caeli
877 3989 939 4040 et
1002 3987 1295 4040 terrarum
1360 3981 1654 4056 imagines
1716 3979 1926 4038 festivi
1973 3979 2124 4037 nihil
2172 3981 2478 4057 potuerint
2531 3979 2771 4052 habere,

424 4079 576 4138 mihi
617 4079 947 4156 probabilis
990 4099 1109 4136 non
1154 4079 1403 4136 videtur.
1468 4079 1641 4135 Licet
1684 4076 1936 4135 difficile
1977 4078 2061 4134 sit
2087 4078 2428 4153 decernere,
2459 4096 2573 4151 quo
2596 4077 2772 4136 modo

424 4176 605 4236 nobis
644 4197 741 4236 res
782 4177 1091 4235 scaenicae
1132 4176 1255 4233 sint
1298 4175 1493 4233 animo
1534 4173 1872 4252 fingendae,
1918 4181 2118 4233 tamen
2160 4175 2236 4232 ad
2278 4173 2528 4232 facetias
2551 4175 2772 4251 optime

426 4273 872 4346 intellegendas
914 4273 1433 4348 aestimandasque
1476 4292 1625 4349 opus
1664 4271 1814 4329 mihi
1856 4272 2116 4348 videtur,
2159 4279 2229 4329 ut
2269 4277 2501 4329 cernant
2542 4277 2772 4350 specta-

428 4377 594 4430 tores
649 4389 735 4446 ea,
792 4370 869 4429 de
912 4370 1133 4447 quibus
1176 4371 1396 4446 agitur.
1462 4369 1693 4446 Nempe
1735 4367 1910 4427 nobis
1949 4367 2220 4426 fabulam
2261 4369 2608 4444 legentibus
2651 4369 2770 4426 iam

425 4467 859 4544 impedimento
882 4473 991 4544 est,
1018 4465 1095 4524 ad
1118 4467 1277 4525 iocos
1298 4465 1453 4525 bene
1474 4465 1898 4541 aestimandOS,
1923 4465 2152 4523 incerta
2173 4464 2249 4522 de
2268 4465 2388 4523 illis
2405 4463 2771 4542 imaginibus

427 4564 647 4642 opinio.
711 4564 967 4622 Accedit
1010 4563 1169 4638 quod
1213 4563 1415 4621 studio
1460 4562 1776 4640 spectandi
1819 4562 2134 4638 indulgere
2177 4562 2330 4620 solet
2371 4581 2571 4636 cavea,
2616 4581 2770 4637 quae

426 4668 495 4720 et
532 4661 824 4736 spectandi
866 4667 930 4719 et
970 4661 1255 4719 audiendi
1300 4680 1477 4718 causa
1518 4660 1706 4718 adest.
1751 4660 1990 4718 Haecce
2035 4657 2373 4718 observatio
2402 4659 2564 4717 valet
2586 4661 2769 4717 etiam

426 4759 509 4818 de
542 4757 783 4818 fabulae
818 4759 1010 4834 initio,
1050 4758 1154 4817 ubi
1189 4757 1591 4818 ostenduntur
1625 4758 1687 4815 et
1719 4759 1979 4834 pateret
1999 4755 2159 4815 filius
2180 4758 2242 4814 in
2263 4756 2436 4815 lectis
2459 4754 2765 4814 cubantes.
