<?xml version="1.0" encoding="UTF-8"?>
<!DOCTYPE html PUBLIC "-//W3C//DTD XHTML 1.0 Transitional//EN"
    "http://www.w3.org/TR/xhtml1/DTD/xhtml1-transitional.dtd">
<html xmlns="http://www.w3.org/1999/xhtml" xml:lang="en" lang="en">
 <head>
  <title>
</title>
<meta http-equiv="Content-Type" content="text/html;charset=utf-8" />
  <meta name='ocr-system' content='tesseract 3.04.00' />
  <meta name='ocr-capabilities' content='ocr_page ocr_carea ocr_par ocr_line ocrx_word'/>
</head>
<body>
  <div class='ocr_page' id='page_1' title='image "./dearistophanisi00heldgoog_0046.png"; bbox 0 0 3478 5737; ppageno 0'>
   <div class='ocr_carea' id='block_1_1' title="bbox 1810 604 1897 667">
    <p class='ocr_par' dir='ltr' id='par_1_1' title="bbox 1810 604 1897 667">
     <span class='ocr_line' id='line_1_1' title="bbox 1810 604 1897 667; baseline 0 0"><span class='ocrx_word' id='word_1_1' title='bbox 1810 604 1897 667; x_wconf 88' lang='lat'>30</span> 
     </span>
    </p>
   </div>
   <div class='ocr_carea' id='block_1_2' title="bbox 674 793 3042 3856">
    <p class='ocr_par' dir='ltr' id='par_1_2' title="bbox 674 793 3028 1254">
     <span class='ocr_line' id='line_1_2' title="bbox 674 793 3025 880; baseline -0.001 -17"><span class='ocrx_word' id='word_1_2' title='bbox 674 798 960 864; x_wconf 87' lang='lat' dir='ltr'>furendo</span> <span class='ocrx_word' id='word_1_3' title='bbox 1028 802 1240 880; x_wconf 91' lang='lat' dir='ltr'>atque</span> <span class='ocrx_word' id='word_1_4' title='bbox 1314 798 1721 879; x_wconf 78' lang='lat' dir='ltr'>bacchandO,</span> <span class='ocrx_word' id='word_1_5' title='bbox 1787 793 1872 862; x_wconf 85' lang='lat' dir='ltr'>ad</span> <span class='ocrx_word' id='word_1_6' title='bbox 1933 798 2132 878; x_wconf 89' lang='lat' dir='ltr'>genio</span> <span class='ocrx_word' id='word_1_7' title='bbox 2187 798 2684 879; x_wconf 88' lang='lat' dir='ltr'>indulgendum</span> <span class='ocrx_word' id='word_1_8' title='bbox 2731 796 3025 861; x_wconf 89' lang='lat' dir='ltr'>libidini·</span> 
     </span>
     <span class='ocr_line' id='line_1_3' title="bbox 676 920 3026 1005; baseline -0.001 -18"><span class='ocrx_word' id='word_1_9' title='bbox 676 924 936 1002; x_wconf 88' lang='lat' dir='ltr'>busque</span> <span class='ocrx_word' id='word_1_10' title='bbox 982 924 1091 987; x_wconf 87' lang='lat' dir='ltr'>est</span> <span class='ocrx_word' id='word_1_11' title='bbox 1138 938 1574 1005; x_wconf 85' lang='lat' dir='ltr'>propensum,</span> <span class='ocrx_word' id='word_1_12' title='bbox 1624 921 1838 1005; x_wconf 75' lang='lat' dir='ltr'>mayis</span> <span class='ocrx_word' id='word_1_13' title='bbox 1874 941 1943 986; x_wconf 86' lang='lat' dir='ltr'>eo</span> <span class='ocrx_word' id='word_1_14' title='bbox 1979 922 2447 987; x_wconf 74' lang='lat' dir='ltr'>delectaturam</span> <span class='ocrx_word' id='word_1_15' title='bbox 2482 942 2614 985; x_wconf 79' lang='lat' dir='ltr'>esse</span> <span class='ocrx_word' id='word_1_16' title='bbox 2642 921 2706 986; x_wconf 77' lang='lat' dir='ltr'>si</span> <span class='ocrx_word' id='word_1_17' title='bbox 2750 920 3026 1001; x_wconf 71' lang='grc' dir='ltr'><em>Λόγος</em></span> 
     </span>
     <span class='ocr_line' id='line_1_4' title="bbox 680 1044 3028 1130; baseline 0 -21"><span class='ocrx_word' id='word_1_18' title='bbox 680 1046 1027 1119; x_wconf 74' lang='grc' dir='ltr'><em>Ἀδικος</em></span> <span class='ocrx_word' id='word_1_19' title='bbox 1097 1045 1333 1111; x_wconf 77' lang='lat' dir='ltr'>hilaris</span> <span class='ocrx_word' id='word_1_20' title='bbox 1390 1045 1501 1109; x_wconf 76' lang='lat' dir='ltr'>ine</span> <span class='ocrx_word' id='word_1_21' title='bbox 1560 1044 1861 1129; x_wconf 77' lang='lat' dir='ltr'><em>superior</em></span> <span class='ocrx_word' id='word_1_22' title='bbox 1919 1044 2210 1109; x_wconf 79' lang='lat' dir='ltr'>evaderet</span> <span class='ocrx_word' id='word_1_23' title='bbox 2251 1066 2453 1130; x_wconf 80' lang='lat' dir='ltr'>quam</span> <span class='ocrx_word' id='word_1_24' title='bbox 2497 1047 2562 1110; x_wconf 77' lang='lat' dir='ltr'>si</span> <span class='ocrx_word' id='word_1_25' title='bbox 2608 1050 2864 1126; x_wconf 76' lang='grc' dir='ltr'><em>Λόγος</em></span> <span class='ocrx_word' id='word_1_26' title='bbox 2907 1046 3028 1110; x_wconf 75' lang='lat' dir='ltr'>iste</span> 
     </span>
     <span class='ocr_line' id='line_1_5' title="bbox 681 1167 1981 1254; baseline -0.004 -19"><span class='ocrx_word' id='word_1_27' title='bbox 681 1174 1045 1254; x_wconf 75' lang='grc' dir='ltr'><strong><em>Δίκαιος,</em></strong></span> <span class='ocrx_word' id='word_1_28' title='bbox 1106 1169 1243 1235; x_wconf 79' lang='lat' dir='ltr'>odii</span> <span class='ocrx_word' id='word_1_29' title='bbox 1288 1167 1609 1252; x_wconf 74' lang='lat' dir='ltr'>taediique</span> <span class='ocrx_word' id='word_1_30' title='bbox 1644 1169 1905 1252; x_wconf 71' lang='lat' dir='ltr'>plenu-3.</span> <span class='ocrx_word' id='word_1_31' title='bbox 1930 1168 1981 1245; x_wconf 90' lang='lat'>1)</span> 
     </span>
    </p>

    <p class='ocr_par' dir='ltr' id='par_1_3' title="bbox 675 1292 3036 2368">
     <span class='ocr_line' id='line_1_6' title="bbox 716 1292 3028 1383; baseline -0.002 -22"><span class='ocrx_word' id='word_1_32' title='bbox 716 1378 723 1383; x_wconf 12' lang='grc' dir='ltr'><strong><em>ἡ</em></strong></span> <span class='ocrx_word' id='word_1_33' title='bbox 766 1296 1207 1377; x_wconf 85' lang='lat' dir='ltr'><strong>Singulorum</strong></span> <span class='ocrx_word' id='word_1_34' title='bbox 1253 1293 1597 1359; x_wconf 74' lang='lat' dir='ltr'>libertatis</span> <span class='ocrx_word' id='word_1_35' title='bbox 1642 1292 1894 1373; x_wconf 89' lang='lat' dir='ltr'>studia,</span> <span class='ocrx_word' id='word_1_36' title='bbox 1946 1294 2199 1375; x_wconf 91' lang='lat' dir='ltr'>quibus</span> <span class='ocrx_word' id='word_1_37' title='bbox 2237 1294 2704 1361; x_wconf 75' lang='lat' dir='ltr'>Athenienses</span> <span class='ocrx_word' id='word_1_38' title='bbox 2733 1296 3028 1361; x_wconf 76' lang='lat' dir='ltr'>libenter</span> 
     </span>
     <span class='ocr_line' id='line_1_7' title="bbox 675 1417 3027 1501; baseline -0.002 -15"><span class='ocrx_word' id='word_1_39' title='bbox 675 1421 1077 1486; x_wconf 90' lang='lat' dir='ltr'>inserviisse</span> <span class='ocrx_word' id='word_1_40' title='bbox 1112 1420 1421 1501; x_wconf 81' lang='lat' dir='ltr'>apparet,</span> <span class='ocrx_word' id='word_1_41' title='bbox 1462 1418 1866 1499; x_wconf 86' lang='lat' dir='ltr'>plerumque</span> <span class='ocrx_word' id='word_1_42' title='bbox 1891 1417 2178 1481; x_wconf 88' lang='lat' dir='ltr'>minime</span> <span class='ocrx_word' id='word_1_43' title='bbox 2204 1418 2607 1483; x_wconf 90' lang='lat' dir='ltr'>concordare</span> <span class='ocrx_word' id='word_1_44' title='bbox 2631 1436 2788 1482; x_wconf 92' lang='lat' dir='ltr'>cum</span> <span class='ocrx_word' id='word_1_45' title='bbox 2813 1417 3027 1498; x_wconf 89' lang='lat' dir='ltr'>reipu-</span> 
     </span>
     <span class='ocr_line' id='line_1_8' title="bbox 679 1542 3027 1625; baseline -0.002 -15"><span class='ocrx_word' id='word_1_46' title='bbox 679 1546 892 1611; x_wconf 85' lang='lat' dir='ltr'>blicae</span> <span class='ocrx_word' id='word_1_47' title='bbox 932 1544 1181 1609; x_wconf 86' lang='lat' dir='ltr'>salutis</span> <span class='ocrx_word' id='word_1_48' title='bbox 1219 1560 1402 1625; x_wconf 89' lang='lat' dir='ltr'>cura,</span> <span class='ocrx_word' id='word_1_49' title='bbox 1444 1542 1669 1622; x_wconf 89' lang='lat' dir='ltr'>legum</span> <span class='ocrx_word' id='word_1_50' title='bbox 1710 1558 2120 1621; x_wconf 88' lang='lat' dir='ltr'>morumque</span> <span class='ocrx_word' id='word_1_51' title='bbox 2146 1542 2668 1607; x_wconf 80' lang='lat' dir='ltr'>conservatione</span> <span class='ocrx_word' id='word_1_52' title='bbox 2691 1542 3027 1623; x_wconf 89' lang='lat' dir='ltr'>religiosa,</span> 
     </span>
     <span class='ocr_line' id='line_1_9' title="bbox 676 1666 3026 1749; baseline -0.002 -16"><span class='ocrx_word' id='word_1_53' title='bbox 676 1670 797 1734; x_wconf 88' lang='lat' dir='ltr'>illa</span> <span class='ocrx_word' id='word_1_54' title='bbox 841 1687 879 1735; x_wconf 90' lang='lat' dir='ltr'>e</span> <span class='ocrx_word' id='word_1_55' title='bbox 924 1668 1268 1734; x_wconf 87' lang='lat' dir='ltr'>contrario</span> <span class='ocrx_word' id='word_1_56' title='bbox 1316 1683 1520 1747; x_wconf 80' lang='lat' dir='ltr'>saepe</span> <span class='ocrx_word' id='word_1_57' title='bbox 1562 1666 1748 1731; x_wconf 89' lang='lat' dir='ltr'>hisce</span> <span class='ocrx_word' id='word_1_58' title='bbox 1785 1682 1936 1731; x_wconf 88' lang='lat' dir='ltr'>esse</span> <span class='ocrx_word' id='word_1_59' title='bbox 1968 1666 2301 1749; x_wconf 89' lang='lat' dir='ltr'>opposita,</span> <span class='ocrx_word' id='word_1_60' title='bbox 2336 1682 2540 1731; x_wconf 89' lang='lat' dir='ltr'>nemo</span> <span class='ocrx_word' id='word_1_61' title='bbox 2572 1666 3026 1731; x_wconf 83' lang='lat' dir='ltr'>contradicet.</span> 
     </span>
     <span class='ocr_line' id='line_1_10' title="bbox 678 1789 3028 1873; baseline -0.001 -15"><span class='ocrx_word' id='word_1_62' title='bbox 678 1794 891 1859; x_wconf 82' lang='lat' dir='ltr'>Maior</span> <span class='ocrx_word' id='word_1_63' title='bbox 951 1796 1187 1857; x_wconf 90' lang='lat' dir='ltr'>autem</span> <span class='ocrx_word' id='word_1_64' title='bbox 1251 1806 1485 1855; x_wconf 89' lang='lat' dir='ltr'>eorum</span> <span class='ocrx_word' id='word_1_65' title='bbox 1552 1806 1729 1872; x_wconf 89' lang='lat' dir='ltr'>pars,</span> <span class='ocrx_word' id='word_1_66' title='bbox 1795 1789 1912 1869; x_wconf 89' lang='lat' dir='ltr'>qui</span> <span class='ocrx_word' id='word_1_67' title='bbox 1979 1789 2278 1854; x_wconf 84' lang='lat' dir='ltr'>Athenis</span> <span class='ocrx_word' id='word_1_68' title='bbox 2323 1790 2592 1857; x_wconf 84' lang='lat' dir='ltr'>fabulas</span> <span class='ocrx_word' id='word_1_69' title='bbox 2638 1794 3028 1873; x_wconf 82' lang='lat' dir='ltr'>spectatum</span> 
     </span>
     <span class='ocr_line' id='line_1_11' title="bbox 677 1914 3034 1999; baseline -0.001 -17"><span class='ocrx_word' id='word_1_70' title='bbox 677 1918 777 1982; x_wconf 91' lang='lat' dir='ltr'>ire</span> <span class='ocrx_word' id='word_1_71' title='bbox 822 1918 1155 1999; x_wconf 89' lang='lat' dir='ltr'>solebant,</span> <span class='ocrx_word' id='word_1_72' title='bbox 1193 1915 1569 1980; x_wconf 83' lang='lat' dir='ltr'>inclinabat</span> <span class='ocrx_word' id='word_1_73' title='bbox 1604 1915 2009 1996; x_wconf 80' lang='lat' dir='ltr'>praesertim</span> <span class='ocrx_word' id='word_1_74' title='bbox 2043 1914 2574 1979; x_wconf 80' lang='lat' dir='ltr'>Bacchanalium</span> <span class='ocrx_word' id='word_1_75' title='bbox 2611 1914 3034 1996; x_wconf 87' lang='lat' dir='ltr'>temporibus</span> 
     </span>
     <span class='ocr_line' id='line_1_12' title="bbox 678 2038 3030 2123; baseline -0.001 -18"><span class='ocrx_word' id='word_1_76' title='bbox 678 2041 762 2106; x_wconf 91' lang='lat' dir='ltr'>ad</span> <span class='ocrx_word' id='word_1_77' title='bbox 811 2040 1296 2123; x_wconf 77' lang='lat' dir='ltr'>petulantiam,</span> <span class='ocrx_word' id='word_1_78' title='bbox 1347 2038 1794 2118; x_wconf 77' lang='lat' dir='ltr'>laetitiaeque</span> <span class='ocrx_word' id='word_1_79' title='bbox 1840 2042 1992 2103; x_wconf 89' lang='lat' dir='ltr'>erat</span> <span class='ocrx_word' id='word_1_80' title='bbox 2033 2038 2294 2120; x_wconf 84' lang='lat' dir='ltr'>cupida.</span> <span class='ocrx_word' id='word_1_81' title='bbox 2343 2038 2516 2121; x_wconf 79' lang='lat' dir='ltr'>Quid</span> <span class='ocrx_word' id='word_1_82' title='bbox 2567 2039 2820 2104; x_wconf 89' lang='lat' dir='ltr'>mirum</span> <span class='ocrx_word' id='word_1_83' title='bbox 2852 2056 3030 2120; x_wconf 86' lang='lat' dir='ltr'>spec-</span> 
     </span>
     <span class='ocr_line' id='line_1_13' title="bbox 684 2161 3032 2244; baseline -0.001 -15"><span class='ocrx_word' id='word_1_84' title='bbox 684 2166 989 2230; x_wconf 87' lang='lat' dir='ltr'>tantium</span> <span class='ocrx_word' id='word_1_85' title='bbox 1016 2164 1368 2229; x_wconf 89' lang='lat' dir='ltr'>consessui</span> <span class='ocrx_word' id='word_1_86' title='bbox 1396 2163 1603 2227; x_wconf 90' lang='lat' dir='ltr'>nimis</span> <span class='ocrx_word' id='word_1_87' title='bbox 1632 2178 1910 2227; x_wconf 85' lang='lat' dir='ltr'>severos</span> <span class='ocrx_word' id='word_1_88' title='bbox 1939 2178 2184 2243; x_wconf 86' lang='lat' dir='ltr'>mores,</span> <span class='ocrx_word' id='word_1_89' title='bbox 2213 2161 2423 2227; x_wconf 87' lang='lat' dir='ltr'>nimis</span> <span class='ocrx_word' id='word_1_90' title='bbox 2447 2162 2738 2243; x_wconf 82' lang='lat' dir='ltr'>diligens</span> <span class='ocrx_word' id='word_1_91' title='bbox 2759 2180 3032 2244; x_wconf 85' lang='lat' dir='ltr'>scrupu-</span> 
     </span>
     <span class='ocr_line' id='line_1_14' title="bbox 683 2286 3036 2368; baseline -0.002 -15"><span class='ocrx_word' id='word_1_92' title='bbox 683 2289 1045 2368; x_wconf 83' lang='lat' dir='ltr'>losumque</span> <span class='ocrx_word' id='word_1_93' title='bbox 1086 2288 1374 2353; x_wconf 86' lang='lat' dir='ltr'>virtutis</span> <span class='ocrx_word' id='word_1_94' title='bbox 1408 2286 1715 2352; x_wconf 90' lang='lat' dir='ltr'>studium</span> <span class='ocrx_word' id='word_1_95' title='bbox 1747 2302 1883 2350; x_wconf 91' lang='lat' dir='ltr'>non</span> <span class='ocrx_word' id='word_1_96' title='bbox 1917 2286 2353 2351; x_wconf 86' lang='lat' dir='ltr'>mediocriter</span> <span class='ocrx_word' id='word_1_97' title='bbox 2387 2286 2602 2351; x_wconf 83' lang='lat' dir='ltr'>videri</span> <span class='ocrx_word' id='word_1_98' title='bbox 2622 2286 3036 2352; x_wconf 73' lang='lat' dir='ltr'>ridiculum?</span> 
     </span>
    </p>

    <p class='ocr_par' dir='ltr' id='par_1_4' title="bbox 682 2410 3037 2863">
     <span class='ocr_line' id='line_1_15' title="bbox 772 2410 3037 2493; baseline -0.001 -15"><span class='ocrx_word' id='word_1_99' title='bbox 772 2412 845 2478; x_wconf 88' lang='lat' dir='ltr'>Si</span> <span class='ocrx_word' id='word_1_100' title='bbox 919 2412 1214 2477; x_wconf 88' lang='lat' dir='ltr'>Athenis</span> <span class='ocrx_word' id='word_1_101' title='bbox 1284 2412 1501 2476; x_wconf 88' lang='lat' dir='ltr'>maior</span> <span class='ocrx_word' id='word_1_102' title='bbox 1564 2410 2028 2493; x_wconf 87' lang='lat' dir='ltr'>spectantium</span> <span class='ocrx_word' id='word_1_103' title='bbox 2091 2427 2251 2491; x_wconf 85' lang='lat' dir='ltr'>pars</span> <span class='ocrx_word' id='word_1_104' title='bbox 2312 2410 2380 2474; x_wconf 93' lang='lat' dir='ltr'>in</span> <span class='ocrx_word' id='word_1_105' title='bbox 2448 2410 2709 2476; x_wconf 85' lang='lat' dir='ltr'>virtute</span> <span class='ocrx_word' id='word_1_106' title='bbox 2754 2410 3037 2476; x_wconf 86' lang='lat' dir='ltr'>colenda</span> 
     </span>
     <span class='ocr_line' id='line_1_16' title="bbox 682 2512 3036 2617; baseline -0.001 -16"><span class='ocrx_word' id='word_1_107' title='bbox 682 2538 931 2601; x_wconf 89' lang='lat' dir='ltr'>fuisset</span> <span class='ocrx_word' id='word_1_108' title='bbox 974 2552 1216 2601; x_wconf 86' lang='lat' dir='ltr'>severa</span> <span class='ocrx_word' id='word_1_109' title='bbox 1262 2534 1808 2617; x_wconf 89' lang='lat' dir='ltr'>verecundaque,</span> <span class='ocrx_word' id='word_1_110' title='bbox 1849 2512 2396 2616; x_wconf 84' lang='lat' dir='ltr'>Aristophaneae</span> <span class='ocrx_word' id='word_1_111' title='bbox 2434 2535 2818 2601; x_wconf 87' lang='lat' dir='ltr'>comoediae</span> <span class='ocrx_word' id='word_1_112' title='bbox 2857 2535 3036 2599; x_wconf 84' lang='lat' dir='ltr'>favo·</span> 
     </span>
     <span class='ocr_line' id='line_1_17' title="bbox 686 2658 3034 2740; baseline -0.001 -17"><span class='ocrx_word' id='word_1_113' title='bbox 686 2678 827 2724; x_wconf 91' lang='lat' dir='ltr'>rem</span> <span class='ocrx_word' id='word_1_114' title='bbox 893 2664 1102 2739; x_wconf 88' lang='lat' dir='ltr'>atquo</span> <span class='ocrx_word' id='word_1_115' title='bbox 1159 2659 1627 2724; x_wconf 83' lang='lat' dir='ltr'>assensionem</span> <span class='ocrx_word' id='word_1_116' title='bbox 1694 2674 1833 2722; x_wconf 92' lang='lat' dir='ltr'>non</span> <span class='ocrx_word' id='word_1_117' title='bbox 1889 2660 2322 2740; x_wconf 90' lang='lat' dir='ltr'>captassent;</span> <span class='ocrx_word' id='word_1_118' title='bbox 2371 2675 2457 2723; x_wconf 90' lang='lat' dir='ltr'>ne</span> <span class='ocrx_word' id='word_1_119' title='bbox 2503 2660 2712 2723; x_wconf 88' lang='lat' dir='ltr'>scribi</span> <span class='ocrx_word' id='word_1_120' title='bbox 2761 2658 3034 2739; x_wconf 84' lang='lat' dir='ltr'>quidem</span> 
     </span>
     <span class='ocr_line' id='line_1_18' title="bbox 683 2782 2358 2863; baseline 0 -16"><span class='ocrx_word' id='word_1_121' title='bbox 683 2788 809 2848; x_wconf 89' lang='lat' dir='ltr'>aut</span> <span class='ocrx_word' id='word_1_122' title='bbox 856 2784 1101 2847; x_wconf 89' lang='lat' dir='ltr'>saltem</span> <span class='ocrx_word' id='word_1_123' title='bbox 1150 2783 1223 2847; x_wconf 91' lang='lat' dir='ltr'>in</span> <span class='ocrx_word' id='word_1_124' title='bbox 1270 2800 1587 2847; x_wconf 88' lang='lat' dir='ltr'>scaenam</span> <span class='ocrx_word' id='word_1_125' title='bbox 1639 2782 1918 2863; x_wconf 83' lang='lat' dir='ltr'>produci</span> <span class='ocrx_word' id='word_1_126' title='bbox 1967 2785 2358 2863; x_wconf 87' lang='lat' dir='ltr'>potuerant.</span> 
     </span>
    </p>

    <p class='ocr_par' dir='ltr' id='par_1_5' title="bbox 684 2907 3040 3234">
     <span class='ocr_line' id='line_1_19' title="bbox 772 2907 3032 2990; baseline -0 -18"><span class='ocrx_word' id='word_1_127' title='bbox 772 2909 853 2972; x_wconf 91' lang='lat' dir='ltr'>In</span> <span class='ocrx_word' id='word_1_128' title='bbox 902 2908 1260 2989; x_wconf 83' lang='lat' dir='ltr'>rationem,</span> <span class='ocrx_word' id='word_1_129' title='bbox 1310 2925 1483 2987; x_wconf 85' lang='lat' dir='ltr'>quae</span> <span class='ocrx_word' id='word_1_130' title='bbox 1532 2907 1715 2972; x_wconf 85' lang='lat' dir='ltr'>inter</span> <span class='ocrx_word' id='word_1_131' title='bbox 1765 2909 2186 2988; x_wconf 82' lang='lat' dir='ltr'>spectatores</span> <span class='ocrx_word' id='word_1_132' title='bbox 2231 2911 2439 2988; x_wconf 91' lang='lat' dir='ltr'>atque</span> <span class='ocrx_word' id='word_1_133' title='bbox 2488 2911 2766 2990; x_wconf 87' lang='lat' dir='ltr'>poetam</span> <span class='ocrx_word' id='word_1_134' title='bbox 2810 2909 3032 2990; x_wconf 90' lang='lat' dir='ltr'>ipsum</span> 
     </span>
     <span class='ocr_line' id='line_1_20' title="bbox 685 3031 3040 3113; baseline 0 -19"><span class='ocrx_word' id='word_1_135' title='bbox 685 3032 1067 3096; x_wconf 88' lang='lat' dir='ltr'>necessario</span> <span class='ocrx_word' id='word_1_136' title='bbox 1153 3031 1331 3096; x_wconf 88' lang='lat' dir='ltr'>solet</span> <span class='ocrx_word' id='word_1_137' title='bbox 1411 3032 1858 3111; x_wconf 78' lang='lat' dir='ltr'>intercedere,</span> <span class='ocrx_word' id='word_1_138' title='bbox 1949 3031 2119 3096; x_wconf 91' lang='lat' dir='ltr'>libet</span> <span class='ocrx_word' id='word_1_139' title='bbox 2195 3033 2309 3096; x_wconf 87' lang='lat' dir='ltr'>hic</span> <span class='ocrx_word' id='word_1_140' title='bbox 2374 3033 2578 3113; x_wconf 89' lang='lat' dir='ltr'>paulo</span> <span class='ocrx_word' id='word_1_141' title='bbox 2649 3032 3040 3097; x_wconf 85' lang='lat' dir='ltr'>accuratius</span> 
     </span>
     <span class='ocr_line' id='line_1_21' title="bbox 684 3155 1051 3234; baseline 0 -16"><span class='ocrx_word' id='word_1_142' title='bbox 684 3155 1051 3234; x_wconf 90' lang='lat' dir='ltr'>inquirere.</span> 
     </span>
    </p>

    <p class='ocr_par' dir='ltr' id='par_1_6' title="bbox 688 3277 3042 3856">
     <span class='ocr_line' id='line_1_22' title="bbox 774 3277 3040 3360; baseline 0.001 -18"><span class='ocrx_word' id='word_1_143' title='bbox 774 3277 1359 3360; x_wconf 79' lang='lat' dir='ltr'>Quemadmodum</span> <span class='ocrx_word' id='word_1_144' title='bbox 1422 3295 1548 3342; x_wconf 88' lang='lat' dir='ltr'>nos</span> <span class='ocrx_word' id='word_1_145' title='bbox 1593 3279 1666 3342; x_wconf 91' lang='lat' dir='ltr'>in</span> <span class='ocrx_word' id='word_1_146' title='bbox 1716 3279 1864 3343; x_wconf 88' lang='lat' dir='ltr'>vita</span> <span class='ocrx_word' id='word_1_147' title='bbox 1917 3278 2261 3344; x_wconf 88' lang='lat' dir='ltr'>cotidiana</span> <span class='ocrx_word' id='word_1_148' title='bbox 2314 3279 2514 3344; x_wconf 89' lang='lat' dir='ltr'>facile</span> <span class='ocrx_word' id='word_1_149' title='bbox 2567 3280 3040 3360; x_wconf 85' lang='lat' dir='ltr'>cognoscimus</span> 
     </span>
     <span class='ocr_line' id='line_1_23' title="bbox 690 3401 3036 3484; baseline 0.001 -18"><span class='ocrx_word' id='word_1_150' title='bbox 690 3403 1047 3467; x_wconf 87' lang='lat' dir='ltr'>hominum</span> <span class='ocrx_word' id='word_1_151' title='bbox 1110 3401 1407 3466; x_wconf 92' lang='lat' dir='ltr'>indolem</span> <span class='ocrx_word' id='word_1_152' title='bbox 1468 3401 2010 3482; x_wconf 87' lang='lat' dir='ltr'>eruditionisque</span> <span class='ocrx_word' id='word_1_153' title='bbox 2071 3419 2152 3467; x_wconf 88' lang='lat' dir='ltr'>ac</span> <span class='ocrx_word' id='word_1_154' title='bbox 2220 3403 2573 3468; x_wconf 88' lang='lat' dir='ltr'>doctrinae</span> <span class='ocrx_word' id='word_1_155' title='bbox 2621 3404 2905 3484; x_wconf 87' lang='lat' dir='ltr'>gradum</span> <span class='ocrx_word' id='word_1_156' title='bbox 2954 3405 3036 3468; x_wconf 86' lang='lat' dir='ltr'>ad</span> 
     </span>
     <span class='ocr_line' id='line_1_24' title="bbox 689 3526 3040 3609; baseline 0 -19"><span class='ocrx_word' id='word_1_157' title='bbox 689 3543 893 3605; x_wconf 88' lang='lat' dir='ltr'>quem</span> <span class='ocrx_word' id='word_1_158' title='bbox 940 3527 1233 3606; x_wconf 88' lang='lat' dir='ltr'>quisque</span> <span class='ocrx_word' id='word_1_159' title='bbox 1284 3526 1695 3608; x_wconf 89' lang='lat' dir='ltr'>pervenerit,</span> <span class='ocrx_word' id='word_1_160' title='bbox 1736 3527 1795 3590; x_wconf 91' lang='lat' dir='ltr'>si</span> <span class='ocrx_word' id='word_1_161' title='bbox 1835 3528 1906 3591; x_wconf 92' lang='lat' dir='ltr'>in</span> <span class='ocrx_word' id='word_1_162' title='bbox 1942 3527 2212 3592; x_wconf 88' lang='lat' dir='ltr'>facetiis</span> <span class='ocrx_word' id='word_1_163' title='bbox 2249 3527 2641 3609; x_wconf 88' lang='lat' dir='ltr'>promendis</span> <span class='ocrx_word' id='word_1_164' title='bbox 2676 3527 3040 3608; x_wconf 87' lang='lat' dir='ltr'>diligenter</span> 
     </span>
     <span class='ocr_line' id='line_1_25' title="bbox 688 3650 3040 3734; baseline 0.001 -20"><span class='ocrx_word' id='word_1_165' title='bbox 688 3650 1114 3715; x_wconf 88' lang='lat' dir='ltr'>attendimus</span> <span class='ocrx_word' id='word_1_166' title='bbox 1160 3667 1455 3729; x_wconf 90' lang='lat' dir='ltr'>quonam</span> <span class='ocrx_word' id='word_1_167' title='bbox 1506 3650 1770 3715; x_wconf 88' lang='lat' dir='ltr'>iocandi</span> <span class='ocrx_word' id='word_1_168' title='bbox 1817 3669 2060 3732; x_wconf 85' lang='lat' dir='ltr'>genere</span> <span class='ocrx_word' id='word_1_169' title='bbox 2109 3653 2411 3717; x_wconf 86' lang='lat' dir='ltr'>maxime</span> <span class='ocrx_word' id='word_1_170' title='bbox 2457 3653 2904 3734; x_wconf 84' lang='lat' dir='ltr'>delectentur,</span> <span class='ocrx_word' id='word_1_171' title='bbox 2941 3653 3040 3717; x_wconf 90' lang='lat' dir='ltr'>sic</span> 
     </span>
     <span class='ocr_line' id='line_1_26' title="bbox 693 3774 3042 3856; baseline 0.002 -18"><span class='ocrx_word' id='word_1_172' title='bbox 693 3775 761 3838; x_wconf 89' lang='lat' dir='ltr'>in</span> <span class='ocrx_word' id='word_1_173' title='bbox 826 3775 1193 3840; x_wconf 89' lang='lat' dir='ltr'>comoediis</span> <span class='ocrx_word' id='word_1_174' title='bbox 1240 3775 1436 3840; x_wconf 90' lang='lat' dir='ltr'>nobis</span> <span class='ocrx_word' id='word_1_175' title='bbox 1484 3774 1766 3856; x_wconf 84' lang='lat' dir='ltr'>plausus</span> <span class='ocrx_word' id='word_1_176' title='bbox 1809 3779 2020 3856; x_wconf 87' lang='lat' dir='ltr'>atque</span> <span class='ocrx_word' id='word_1_177' title='bbox 2065 3777 2595 3842; x_wconf 88' lang='lat' dir='ltr'>acclamationes</span> <span class='ocrx_word' id='word_1_178' title='bbox 2639 3780 2830 3844; x_wconf 86' lang='lat' dir='ltr'>certa</span> <span class='ocrx_word' id='word_1_179' title='bbox 2875 3782 3042 3844; x_wconf 89' lang='lat' dir='ltr'>sunt</span> 
     </span>
    </p>
   </div>
   <div class='ocr_carea' id='block_1_3' title="bbox 699 3919 1121 3926">
    <p class='ocr_par' dir='ltr' id='par_1_7' title="bbox 699 3919 1121 3926">
     <span class='ocr_line' id='line_1_27' title="bbox 699 3919 1121 3926; baseline 0 0"><span class='ocrx_word' id='word_1_180' title='bbox 699 3919 1121 3926; x_wconf 95' lang='lat' dir='ltr'> </span> 
     </span>
    </p>
   </div>
   <div class='ocr_carea' id='block_1_4' title="bbox 694 3983 3041 4862">
    <p class='ocr_par' dir='ltr' id='par_1_8' title="bbox 694 3983 3041 4862">
     <span class='ocr_line' id='line_1_28' title="bbox 773 3983 3040 4066; baseline 0.001 -22"><span class='ocrx_word' id='word_1_181' title='bbox 773 3985 821 4066; x_wconf 91' lang='lat'>1)</span> <span class='ocrx_word' id='word_1_182' title='bbox 865 3983 940 4045; x_wconf 88' lang='lat' dir='ltr'>cf.</span> <span class='ocrx_word' id='word_1_183' title='bbox 995 3984 1243 4044; x_wconf 84' lang='lat' dir='ltr'>Lucian.</span> <span class='ocrx_word' id='word_1_184' title='bbox 1298 3985 1457 4044; x_wconf 85' lang='lat' dir='ltr'>Piso.</span> <span class='ocrx_word' id='word_1_185' title='bbox 1517 4005 1565 4044; x_wconf 90' lang='lat' dir='ltr'>c.</span> <span class='ocrx_word' id='word_1_186' title='bbox 1624 3987 1731 4044; x_wconf 85' lang='lat'>25:</span> <span class='ocrx_word' id='word_1_187' title='bbox 1791 3987 1972 4064; x_wconf 78' lang='grc' dir='ltr'><em>φύσει</em></span> <span class='ocrx_word' id='word_1_188' title='bbox 2034 3993 2156 4066; x_wconf 69' lang='grc' dir='ltr'>γὰρ</span> <span class='ocrx_word' id='word_1_189' title='bbox 2214 3991 2470 4046; x_wconf 77' lang='grc' dir='ltr'><em>τοιοῦτον</em></span> <span class='ocrx_word' id='word_1_190' title='bbox 2525 3993 2693 4047; x_wconf 78' lang='grc' dir='ltr'><em>ἐστιν</em></span> <span class='ocrx_word' id='word_1_191' title='bbox 2735 3991 2761 4045; x_wconf 80' lang='grc' dir='ltr'><em>ὃ</em></span> <span class='ocrx_word' id='word_1_192' title='bbox 2805 4009 2849 4047; x_wconf 81' lang='lat' dir='ltr'>n·</span> <span class='ocrx_word' id='word_1_193' title='bbox 2864 4008 2890 4046; x_wconf 90' lang='grc' dir='ltr'><em>ο</em></span> <span class='ocrx_word' id='word_1_194' title='bbox 2907 3997 2946 4048; x_wconf 85' lang='grc' dir='ltr'>λ</span> <span class='ocrx_word' id='word_1_195' title='bbox 2963 3991 3040 4055; x_wconf 63' lang='lat' dir='ltr'>cn,-</span> 
     </span>
     <span class='ocr_line' id='line_1_29' title="bbox 697 4087 3038 4166; baseline 0.001 -26"><span class='ocrx_word' id='word_1_196' title='bbox 697 4087 903 4151; x_wconf 84' lang='grc' dir='ltr'><em>λεώς,</em></span> <span class='ocrx_word' id='word_1_197' title='bbox 965 4088 1297 4160; x_wconf 73' lang='grc' dir='ltr'><em>χαιρουσ</em></span> <span class='ocrx_word' id='word_1_198' title='bbox 1320 4104 1383 4140; x_wconf 91' lang='grc' dir='ltr'><em>ιν</em></span> <span class='ocrx_word' id='word_1_199' title='bbox 1440 4087 2044 4142; x_wconf 72' lang='grc' dir='ltr'><em>ἀποσκώπτουσι</em></span> <span class='ocrx_word' id='word_1_200' title='bbox 2090 4093 2212 4143; x_wconf 79' lang='grc' dir='ltr'>καὶ</span> <span class='ocrx_word' id='word_1_201' title='bbox 2257 4089 2894 4166; x_wconf 68' lang='grc' dir='ltr'><em>λοιδορουμένοις,</em></span> <span class='ocrx_word' id='word_1_202' title='bbox 2941 4095 3038 4144; x_wconf 79' lang='grc' dir='ltr'><em>και</em></span> 
     </span>
     <span class='ocr_line' id='line_1_30' title="bbox 694 4178 3040 4264; baseline 0.003 -28"><span class='ocrx_word' id='word_1_203' title='bbox 694 4178 959 4258; x_wconf 64' lang='grc' dir='ltr'><em>μάλισθ’</em></span> <span class='ocrx_word' id='word_1_204' title='bbox 1000 4181 1142 4237; x_wconf 78' lang='grc' dir='ltr'><em>ὅταν</em></span> <span class='ocrx_word' id='word_1_205' title='bbox 1188 4186 1265 4237; x_wconf 77' lang='grc' dir='ltr'><em>τοὶ</em></span> <span class='ocrx_word' id='word_1_206' title='bbox 1309 4183 1651 4259; x_wconf 74' lang='grc' dir='ltr'><em>σεμνότατα</em></span> <span class='ocrx_word' id='word_1_207' title='bbox 1689 4185 1832 4240; x_wconf 85' lang='grc' dir='ltr'><em>εἶναι</em></span> <span class='ocrx_word' id='word_1_208' title='bbox 1870 4185 2156 4241; x_wconf 81' lang='grc' dir='ltr'><em>δοκοῦντα</em></span> <span class='ocrx_word' id='word_1_209' title='bbox 2191 4187 2568 4263; x_wconf 72' lang='grc' dir='ltr'>διασύρηται,</span> <span class='ocrx_word' id='word_1_210' title='bbox 2605 4188 2802 4264; x_wconf 72' lang='grc' dir='ltr'><em>ὥσπερ</em></span> <span class='ocrx_word' id='word_1_211' title='bbox 2832 4191 3040 4264; x_wconf 83' lang='grc' dir='ltr'><em>οὶμέλει</em></span> 
     </span>
     <span class='ocr_line' id='line_1_31' title="bbox 697 4277 3039 4362; baseline 0.003 -28"><span class='ocrx_word' id='word_1_212' title='bbox 697 4283 793 4334; x_wconf 78' lang='grc' dir='ltr'>καὶ</span> <span class='ocrx_word' id='word_1_213' title='bbox 846 4282 1033 4335; x_wconf 71' lang='grc' dir='ltr'><em>παλαι</em></span> <span class='ocrx_word' id='word_1_214' title='bbox 1092 4279 1334 4357; x_wconf 74' lang='grc' dir='ltr'><em>ἔχαιρον</em></span> <span class='ocrx_word' id='word_1_215' title='bbox 1394 4277 1823 4356; x_wconf 74' lang='grc' dir='ltr'><em>’Λριστοφάνει</em></span> <span class='ocrx_word' id='word_1_216' title='bbox 1867 4287 1964 4337; x_wconf 81' lang='grc' dir='ltr'>καὶ</span> <span class='ocrx_word' id='word_1_217' title='bbox 2009 4281 2292 4338; x_wconf 74' lang='grc' dir='ltr'>Εὐπόλιδι</span> <span class='ocrx_word' id='word_1_218' title='bbox 2337 4285 2634 4362; x_wconf 71' lang='grc' dir='ltr'><em>Σωκράτη</em></span> <span class='ocrx_word' id='word_1_219' title='bbox 2678 4289 2904 4340; x_wconf 75' lang='grc' dir='ltr'><em>τουτονὶ</em></span> <span class='ocrx_word' id='word_1_220' title='bbox 2946 4285 3039 4340; x_wconf 70' lang='grc' dir='ltr'>ἐπὶ</span> 
     </span>
     <span class='ocr_line' id='line_1_32' title="bbox 696 4377 3041 4456; baseline 0.002 -25"><span class='ocrx_word' id='word_1_221' title='bbox 696 4381 1001 4452; x_wconf 73' lang='grc' dir='ltr'>χλευασίᾳ</span> <span class='ocrx_word' id='word_1_222' title='bbox 1046 4380 1418 4455; x_wconf 72' lang='grc' dir='ltr'>παράγουσιν</span> <span class='ocrx_word' id='word_1_223' title='bbox 1463 4379 1555 4432; x_wconf 72' lang='grc' dir='ltr'>ἐπὶ</span> <span class='ocrx_word' id='word_1_224' title='bbox 1601 4377 1711 4452; x_wconf 71' lang='grc' dir='ltr'>τὴν</span> <span class='ocrx_word' id='word_1_225' title='bbox 1749 4379 1977 4452; x_wconf 66' lang='grc' dir='ltr'><em>σκηνὴν</em></span> <span class='ocrx_word' id='word_1_226' title='bbox 2015 4384 2112 4434; x_wconf 77' lang='grc' dir='ltr'>καὶ</span> <span class='ocrx_word' id='word_1_227' title='bbox 2150 4380 2525 4456; x_wconf 75' lang='grc' dir='ltr'><em>κωμῳδοῦσιν</em></span> <span class='ocrx_word' id='word_1_228' title='bbox 2561 4385 2598 4434; x_wconf 83' lang='grc' dir='ltr'><em>οἰ</em></span> <span class='ocrx_word' id='word_1_229' title='bbox 2617 4387 2656 4436; x_wconf 88' lang='grc' dir='ltr'>λ</span> <span class='ocrx_word' id='word_1_230' title='bbox 2672 4386 2710 4437; x_wconf 83' lang='grc' dir='ltr'><strong>λ</strong></span> <span class='ocrx_word' id='word_1_231' title='bbox 2729 4399 2754 4435; x_wconf 94' lang='grc' dir='ltr'><em>ο</em></span> <span class='ocrx_word' id='word_1_232' title='bbox 2774 4401 2808 4436; x_wconf 88' lang='grc' dir='ltr'><strong><em>κ</em></strong></span> <span class='ocrx_word' id='word_1_233' title='bbox 2825 4381 2851 4434; x_wconf 84' lang='grc' dir='ltr'><strong><em>ό</em></strong></span> <span class='ocrx_word' id='word_1_234' title='bbox 2868 4399 2904 4436; x_wconf 85' lang='grc' dir='ltr'>τ</span> <span class='ocrx_word' id='word_1_235' title='bbox 2921 4398 2947 4435; x_wconf 92' lang='grc' dir='ltr'><em>ο</em></span> <span class='ocrx_word' id='word_1_236' title='bbox 2964 4399 2997 4435; x_wconf 93' lang='grc' dir='ltr'><em>υ</em></span> <span class='ocrx_word' id='word_1_237' title='bbox 3011 4399 3041 4444; x_wconf 84' lang='grc' dir='ltr'><strong><em>ς</em></strong></span> 
     </span>
     <span class='ocr_line' id='line_1_33' title="bbox 698 4482 3041 4564; baseline 0.002 -26"><span class='ocrx_word' id='word_1_238' title='bbox 698 4487 862 4547; x_wconf 79' lang='grc' dir='ltr'><em>τινας</em></span> <span class='ocrx_word' id='word_1_239' title='bbox 938 4491 1065 4560; x_wconf 73' lang='grc' dir='ltr'><em>περι</em></span> <span class='ocrx_word' id='word_1_240' title='bbox 1130 4482 1313 4539; x_wconf 78' lang='grc' dir='ltr'><em>αὐτοῦ</em></span> <span class='ocrx_word' id='word_1_241' title='bbox 1374 4484 1699 4560; x_wconf 71' lang='grc' dir='ltr'><em>κωμῳδίας.</em></span> <span class='ocrx_word' id='word_1_242' title='bbox 1769 4488 1958 4540; x_wconf 71' lang='grc' dir='ltr'><em>καίτοι</em></span> <span class='ocrx_word' id='word_1_243' title='bbox 2001 4487 2214 4542; x_wconf 75' lang='grc' dir='ltr'><em>ἐκεῖνοι</em></span> <span class='ocrx_word' id='word_1_244' title='bbox 2275 4491 2384 4563; x_wconf 82' lang='grc' dir='ltr'>μὲν</span> <span class='ocrx_word' id='word_1_245' title='bbox 2449 4483 2599 4548; x_wconf 72' lang='grc' dir='ltr'>καθ’</span> <span class='ocrx_word' id='word_1_246' title='bbox 2657 4487 2780 4550; x_wconf 79' lang='grc' dir='ltr'><em>ἑνὸς</em></span> <span class='ocrx_word' id='word_1_247' title='bbox 2835 4487 3041 4564; x_wconf 70' lang='grc' dir='ltr'><em>ἀνδρὸς</em></span> 
     </span>
     <span class='ocr_line' id='line_1_34' title="bbox 696 4582 3038 4660; baseline 0.002 -24"><span class='ocrx_word' id='word_1_248' title='bbox 696 4582 963 4656; x_wconf 78' lang='grc' dir='ltr'><em>ἐτόλμων</em></span> <span class='ocrx_word' id='word_1_249' title='bbox 1044 4583 1289 4636; x_wconf 81' lang='grc' dir='ltr'><em>τοιαῦτα</em></span> <span class='ocrx_word' id='word_1_250' title='bbox 1370 4586 1467 4636; x_wconf 75' lang='grc' dir='ltr'>καὶ</span> <span class='ocrx_word' id='word_1_251' title='bbox 1532 4583 1605 4637; x_wconf 78' lang='grc' dir='ltr'>ἐν</span> <span class='ocrx_word' id='word_1_252' title='bbox 1674 4583 2051 4647; x_wconf 82' lang='grc' dir='ltr'><em>Διονύσου</em></span> <span class='ocrx_word' id='word_1_253' title='bbox 2114 4582 2524 4660; x_wconf 79' lang='grc' dir='ltr'><em>ἐφειμένον</em></span> <span class='ocrx_word' id='word_1_254' title='bbox 2587 4584 2771 4639; x_wconf 78' lang='grc' dir='ltr'><em>αὐτὸ</em></span> <span class='ocrx_word' id='word_1_255' title='bbox 2833 4584 3038 4660; x_wconf 81' lang='grc' dir='ltr'><em>δροῖν,</em></span> 
     </span>
     <span class='ocr_line' id='line_1_35' title="bbox 702 4679 3041 4756; baseline 0.002 -24"><span class='ocrx_word' id='word_1_256' title='bbox 702 4685 823 4732; x_wconf 74' lang='grc' dir='ltr'>καὶ</span> <span class='ocrx_word' id='word_1_257' title='bbox 910 4679 989 4733; x_wconf 78' lang='grc' dir='ltr'>τὸ</span> <span class='ocrx_word' id='word_1_258' title='bbox 1052 4683 1379 4753; x_wconf 80' lang='grc' dir='ltr'><em>σκῶμμα</em></span> <span class='ocrx_word' id='word_1_259' title='bbox 1441 4682 1665 4755; x_wconf 83' lang='grc' dir='ltr'><em>μέρος</em></span> <span class='ocrx_word' id='word_1_260' title='bbox 1726 4679 1986 4735; x_wconf 81' lang='grc' dir='ltr'><em>ἐδόκει</em></span> <span class='ocrx_word' id='word_1_261' title='bbox 2053 4685 2184 4754; x_wconf 69' lang='grc' dir='ltr'>τῆς</span> <span class='ocrx_word' id='word_1_262' title='bbox 2249 4684 2536 4756; x_wconf 69' lang='grc' dir='ltr'><em>ἑορτῆς,</em></span> <span class='ocrx_word' id='word_1_263' title='bbox 2603 4687 2725 4736; x_wconf 76' lang='grc' dir='ltr'>καὶ</span> <span class='ocrx_word' id='word_1_264' title='bbox 2783 4683 2808 4735; x_wconf 84' lang='grc' dir='ltr'><strong><em>ὖ</em></strong></span> <span class='ocrx_word' id='word_1_265' title='bbox 2865 4679 3041 4745; x_wconf 65' lang='grc' dir='ltr'>θεὸς</span> 
     </span>
     <span class='ocr_line' id='line_1_36' title="bbox 700 4775 2050 4862; baseline 0.002 -33"><span class='ocrx_word' id='word_1_266' title='bbox 700 4777 876 4837; x_wconf 75' lang='grc' dir='ltr'><em>ἴσως</em></span> <span class='ocrx_word' id='word_1_267' title='bbox 932 4777 1193 4862; x_wconf 54' lang='grc' dir='ltr'><em>χαίροι</em></span> <span class='ocrx_word' id='word_1_268' title='bbox 1251 4775 1707 4846; x_wconf 74' lang='grc' dir='ltr'><em>Φιλόγελώς</em></span> <span class='ocrx_word' id='word_1_269' title='bbox 1768 4793 1884 4839; x_wconf 82' lang='grc' dir='ltr'><em>τις</em></span> <span class='ocrx_word' id='word_1_270' title='bbox 1942 4777 2050 4832; x_wconf 81' lang='grc' dir='ltr'>ὤν.</span> 
     </span>
    </p>
   </div>
  </div>
 </body>
</html>
