3478 5737
1857 574 1942 637 86

722 768 839 832 illa
886 769 1233 833 matrona!
1284 768 1437 848 lpse
1486 769 1644 841 ὄζων
1696 770 1920 849 τρυγός·
1966 771 2114 849 επ,
2155 769 2272 833 illa
2309 773 2542 834 autem
2581 773 2804 852 μύρου,
2839 770 3070 853 κρόκου

723 894 851 955 cet.
928 890 1116 955 Uxor
1162 890 1444 971 prodiga
1490 896 1642 957 erat
1687 890 1856 969 (λίαν
1906 896 2203 979 σπαθᾷς),
2253 893 2398 974 ipse
2445 898 2795 959 autem...

812 1014 1103 1079 Difficile
1162 1032 1327 1079 sane
1379 1018 1556 1096 patri
1605 1018 1856 1083 fuisset
1903 1018 2274 1099 negotium,
2323 1018 2549 1097 palam
2597 1020 2818 1101 ipsius
2867 1018 3074 1100 parsi-

725 1140 1025 1203 moniam
1090 1139 1695 1221 frugalitatemque
1758 1159 1920 1221 prae
1983 1159 2055 1205 se
2102 1141 2301 1206 ferre.
2373 1142 2630 1207 Idcirco
2679 1142 3080 1223 ingeniosis-

726 1266 899 1327 sime
984 1264 1341 1343 multoque
1403 1264 1692 1329 facetius
1755 1269 1956 1347 poeta
2018 1270 2440 1347 spectatores
2501 1267 2817 1348 exemplo
2874 1268 3076 1331 docet

726 1386 1061 1451 rusticum
1148 1404 1297 1452 esse
1381 1406 1661 1469 parcum
1747 1394 1956 1468 atque
2036 1407 2343 1453 avarum.
2431 1390 2692 1455 Iterum
2755 1391 2940 1456 enim
3007 1390 3078 1454 in

728 1527 1044 1575 scaenam
1092 1512 1321 1592 prodit
1366 1510 1475 1576 vel
1524 1530 1561 1577 e
1608 1513 1785 1578 lecto
1833 1513 2055 1594 surgit
2103 1513 2214 1589 (cf.
2265 1516 2432 1579 nota
2479 1530 2542 1593 p.
2591 1515 2702 1588 84)
2751 1514 3080 1595 famulus,

730 1634 845 1713 qui
906 1637 1069 1698 ante
1133 1652 1231 1699 vs.
1279 1636 1357 1699 21
1411 1636 1764 1726 lucernam
1813 1640 1886 1701 et
1933 1636 2208 1701 tabulas
2253 1637 2522 1717 attulit,
2573 1655 2756 1701 nunc
2801 1642 3080 1703 conten-

731 1759 899 1822 dens
958 1757 1183 1821 oleum
1232 1776 1367 1823 non
1416 1760 1640 1823 inesse
1688 1760 1758 1823 in
1807 1760 2104 1824 lucerna.
2179 1760 2351 1824 Tum
2404 1762 2710 1827 rusticus
2755 1766 2882 1841 (νε.
2933 1763 3081 1837 57);

1001 1884 1199 1963 οἴμοι·
1247 1885 1307 1947 τί
1353 1886 1471 1966 γάρ
1517 1910 1621 1965 μοι
1672 1887 1776 1947 τὸν
1829 1886 2030 1967 πότην
2081 1882 2266 1967 ἧπτες
2314 1882 2592 1969 λύχνον,·

1002 1989 1162 2071 δεῦρ’
1214 1990 1369 2068 ἔλθ’,
1416 1990 1525 2055 ἳνα
1574 1990 1790 2075 κλάῃς.

826 2114 1116 2194 Roganti
1164 2132 1399 2181 servo:
1448 2117 1554 2180 διὰ
1601 2118 1661 2180 τί
1708 2118 1868 2199 δῆτα
1916 2116 2310 2195 κλαύσομαις
2355 2114 2525 2179 dicit
2571 2132 2861 2180 avarus:

1005 2221 1098 2285 ὅτι
1150 2236 1273 2287 τῶν
1324 2238 1595 2309 παχειῶν
1647 2227 1935 2296 ἐνετίθεις
1983 2222 2416 2306 θρυαλλίδων.

832 2348 919 2411 Se
965 2365 1114 2412 esse
1162 2366 1440 2430 parcum
1490 2350 1791 2415 rusticus
1835 2350 2045 2413 etiam
2095 2366 2174 2413 eo
2223 2347 2585 2429 significat,
2636 2347 2814 2427 quod
2865 2346 3090 2410 filium

748 2472 1137 2555 ψειόωινίδην
1186 2473 1512 2554 appellari
1560 2474 1779 2555 cupiit
1821 2474 1907 2537 ab
1945 2474 2058 2536 avi
2092 2472 2369 2537 nomine
2407 2474 2724 2543 «Μίδωνος
2756 2478 2882 2548 (νε.
2919 2472 3093 2551 134),

746 2599 1059 2677 quodque
1107 2602 1231 2677 (vs.
1280 2600 1407 2662 83³5
1458 2600 1627 2679 sqq.)
1675 2598 1913 2663 laudat
1962 2604 2072 2681 τὴν
2123 2599 2680 2679 philosophorum
2731 2596 3096 2677 ‹pe-mmmm.

835 2722 1000 2786 Post
1062 2740 1353 2802 parvum
1422 2723 1589 2787 illud
1660 2722 2034 2787 embolium
2105 2728 2233 2800 (vs.
2298 2724 2605 2804 56—59),
2671 2722 2846 2803 quod
2914 2721 3094 2787 belle

744 2846 981 2911 rustici
1040 2846 1505 2912 narrationem
1552 2848 1624 2911 in
1676 2847 1846 2911 duas
1893 2848 2036 2912 fere
2082 2846 2402 2927 aequales
2449 2846 2698 2911 dividit
2745 2852 2972 2928 partes
3019 2850 3098 2910 et

746 2977 859 3054 τὴν
918 2975 1294 3052 μονοτονίαν
1358 2989 1561 3051 quam
1626 2972 2057 3051 grammatici
2115 2975 2366 3036 vocant
2411 2971 2783 3052 avertit1)‚
2833 2971 3092 3035 iterum

750 3098 889 3162 vim
938 3098 1263 3162 comicarn
1312 3096 1660 3160 cernimus
1706 3096 1778 3159 in
1826 3096 2369 3176 oppositionibus
2415 3113 2566 3160 esse
2613 3095 2930 3177 positam.

837 3223 980 3287 Iam
1042 3223 1271 3286 sciunt
1331 3224 1752 3302 spectatores
1812 3236 2055 3284 causas
2117 3219 2535 3300 Strepsiadis
2579 3237 3097 3284 aerumnarum.

838 3449 873 3522 ἓ
944 3445 1005 3507 2.
1098 3443 1378 3507 Invenit
1447 3441 1874 3523 Strepsiadcs
1943 3440 2094 3526 ὃλην
2158 3447 2272 3522 τὴν
2337 3445 2533 3506 νύκτα
2599 3443 2941 3524 φροντίζων
3019 3479 3082 3486 -

748 3567 1246 3632 sollicitudines
1291 3566 1659 3649 (φροντίδες)
1708 3579 1818 3630 τοῦ
1868 3569 2213 3650 φροντίζειν
2265 3569 2465 3630 erant
2513 3583 2779 3648 causae,
2829 3584 2928 3630 VS.
2989 3567 3098 3648 12,

755 3694 836 3756 145
900 3709 1023 3773 sq„
1070 3693 1177 3773 26,
1228 3693 1330 3768 37,
1390 3731 1451 3738 --
1508 3693 1660 3756 ὁδοῦ
1704 3693 1856 3772 μίαν
1905 3697 2187 3776 ἀτραπὸν
2237 3693 2578 3772 δαιμονίως
2631 3695 2914 3774 ὑπερφυᾶ
2961 3697 3100 3768 (VS,

760 3818 843 3880 75
890 3819 1033 3898 sq),
1082 3833 1286 3896 quam
1337 3817 1393 3880 si
1442 3817 1579 3881 filio
1627 3817 2047 3897 persuaserit
2093 3820 2172 3880 ut
2218 3815 2661 3896 ingrediatur,
2711 3833 2784 3880 se
2822 3813 3102 3879 salvum

764 3939 904 4002 fore
936 3957 1069 4020 pro
1115 3941 1284 4002 certo
1332 3939 1540 4004 habet.
1607 3939 1717 4004 Sic
1763 3955 1883 4020 per
1931 3957 2164 4004 vocem
2215 3941 2579 4019 σωθήσομαι
2629 3945 2753 4014 (νε.
2803 3939 2909 4012 77)
2954 3937 3104 4000 iam

758 4063 1017 4127 indicat
1072 4062 1364 4142 agricola
1440 4081 1514 4127 se
1567 4080 1715 4128 esse
1762 4062 2174 4127 obstrictum
2221 4064 2541 4144 opinione
2589 4062 2841 4143 aliqua,
2889 4079 3102 4141 quam

758 4187 997 4251 falsam
1070 4204 1221 4251 esse
1290 4187 1591 4250 nondum
1644 4187 2058 4267 intellegunt
2111 4189 2553 4267 spectatores.
2616 4185 2713 4250 De
2759 4185 3108 4249 industria

836 4363 887 4440 1)
967 4361 1261 4420 Zielinski
1322 4361 1443 4440 (die
1506 4362 1882 4438 Gliederung
1938 4362 2049 4421 der
2108 4363 2304 4422 altatt.
2362 4362 2539 4422 Kom.
2599 4383 2656 4439 p.
2715 4363 2810 4436 36,
2855 4364 2996 4418 nota
3037 4361 3112 4434 2)

758 4461 977 4517 mirum
1039 4461 1100 4518 in
1163 4460 1404 4518 modum
1462 4459 1539 4518 ad
1592 4459 1842 4518 huiusce
1893 4460 2058 4518 modi
2099 4458 2340 4519 fabulae
2381 4463 2704 4536 οἰκονομίαν
2745 4479 2864 4516 non
2906 4463 3110 4516 atten—

762 4557 911 4616 dens
954 4563 1232 4616 annotat:
1278 4557 1579 4634 Beilaufig
1620 4577 1762 4633 mag
1789 4557 2070 4616 hemerkt
2095 4556 2358 4633 werden,
2390 4557 2532 4616 dass
2569 4556 2670 4614 die
2699 4557 2833 4616 VV.
2863 4555 3108 4614 56—59

760 4654 878 4713 den
933 4655 1453 4732 Zusammenhang
1508 4661 1744 4728 st'oren3
1798 4654 1908 4713 der
1950 4655 2100 4712 Sinn
2143 4655 2438 4732 verlangt,
2484 4654 2626 4713 dass
2666 4654 2780 4712 wir
2819 4654 2908 4711 sie
2947 4653 3112 4711 nach

764 4753 838 4812 V.
882 4753 961 4810 20
999 4753 1231 4812 stellen.
