3478 5737
1537 1234 1921 1299 CAPUT
1993 1235 2172 1299 111.-

1678 1475 1998 1484 ——ss

915 1671 1024 1739 De
1071 1674 1306 1740 variis
1354 1674 1700 1741 virorum
1753 1675 2157 1741 doctorum
2207 1675 2300 1740 de
2350 1674 2769 1741 certamine

1586 1789 2096 1874 opinionibuS.

756 2017 792 2089 ἓ
843 2013 900 2076 1.
993 2011 1257 2092 Restat,
1291 2013 1373 2075 ut
1403 2011 1892 2076 nonnullorum
1928 2011 2234 2075 virorum
2266 2011 2623 2076 doctorum
2656 2011 3010 2092 opiniones

667 2137 752 2201 de
802 2136 1159 2215 utriusque
1204 2136 1431 2212 Λόγου
1479 2135 1854 2198 certamine
1901 2134 2335 2199 conferamus
2374 2153 2527 2200 011111
2566 2135 2672 2216 iis,
2707 2151 2882 2214 quae
2921 2152 3007 2199 ex

666 2264 906 2325 nostra
952 2259 1482 2340 investigatione
1531 2258 1708 2323 effici
1758 2276 1955 2338 posse
2002 2259 2199 2323 nobis
2247 2259 2585 2323 videntur.

756 2383 1216 2448 Lusuwsmus
1282 2419 1361 2428 ——-
1424 2383 1588 2447 data
1632 2400 1839 2464 opera
1884 2401 1925 2448 a
1973 2383 2469 2447 recentioribus
2515 2382 3009 2464 interpretibus

665 2509 975 2590 capimus
1019 2507 1298 2572 initium
1349 2545 1406 2553 —
1455 2511 1765 2591 „certum
1813 2507 2048 2573 ducit”
2096 2513 2271 2588 (pag.
2326 2508 2449 2571 144
2488 2506 2813 2572 editionis
2843 2524 3007 2571 suae

665 2633 749 2697 ad
833 2651 932 2698 vs.
1013 2634 1166 2708 889)
1255 2634 1637 2716 „Iniustum
1709 2635 2047 2698 oratorem
2122 2634 2314 2696 vultu
2382 2633 2711 2696 rettulisse
2778 2636 3007 2696 notum

665 2759 954 2840 aliquem-
999 2759 1260 2834 vinem,-
1311 2758 1383 2820 in
1429 2761 1736 2822 mentem
1786 2760 2019 2822 autem
2063 2757 2256 2822 venit
2292 2774 2543 2821 nomen
2578 2756 3005 2838 Protaqorae,

664 2884 780 2962 qui
867 2884 1010 2964 ipse
1094 2885 1310 2962 Λόγος
1395 2901 1514 2963 per
1590 2883 1997 2947 derisionem
2069 2884 2617 2964 nuncupabatur,
2692 2882 3005 2978 quemad·

664 3008 940 3072 modum
1003 3011 1450 3088 Anaxagoras
1511 3012 1692 3080 Νοῦς
1754 3007 1939 3071 inter
1997 3006 2319 3088 aequales
2365 3005 2740 3070 audierat.”
2814 3005 3003 3069 Prae-

661 3135 850 3196 terea
917 3149 1004 3197 ex
1075 3132 1179 3213 iis,
1252 3150 1426 3212 quae
1493 3133 1602 3197 vir
1670 3133 1752 3198 cl.
1816 3133 2181 3197 annotavit
2242 3133 2325 3196 ad
2392 3149 2529 3196 vss.
2590 3132 2741 3211 913,
2817 3130 3005 3210 1022,

666 3257 856 3336 1065,
902 3261 1188 3337 apparet
1235 3274 1392 3320 eum
1441 3256 1775 3337 suspicari
1822 3274 2064 3321 omnes
2114 3258 2313 3320 hosce
2362 3272 2608 3319 versus
2655 3255 2759 3318 uti
2799 3258 2871 3318 et
2905 3271 3001 3317 vs.

663 3380 1012 3443 921—924
1061 3380 1194 3444 dici
1241 3380 1312 3443 in
1362 3380 1655 3444 eundem
1704 3380 1917 3443 istum
1967 3378 2247 3443 ''Affixov
2290 3380 2752 3460 personatum,
2786 3378 3006 3441 vimtm

662 3508 1295 3585 repraesentantem
1379 3504 1753 3583 hominem,
1838 3504 2043 3587 lippis
2124 3508 2195 3569 ot
2274 3502 2663 3567 tonsoribus
2740 3503 3003 3564 notum.

665 3628 986 3707 Legimus
1053 3628 1238 3692 0111111
1307 3628 1391 3691 ad
1461 3646 1563 3691 νε.
1639 3628 1809 3691 1022
1885 3628 2181 3711 „optime
2245 3626 2806 3706 intellegeremus
2866 3630 3007 3701 (cur

668 3752 1065 3817 Antimachi
1126 3752 1384 3817 mentio
1433 3770 1617 3816 nunc
1663 3752 1828 3833 fiat),
1878 3753 1935 3816 si
1983 3753 2315 3817 sciremus
2362 3767 2727 3831 quemnam
2783 3748 3003 3813 virum

664 3880 696 3940 ὁ
748 3878 1023 3958 Δίκαιος,
1072 3894 1270 3956 quem
1325 3880 1356 3938 ὁ
1405 3876 1676 3949 ’Ἄδικος
1723 3878 1917 3941 vulta
1960 3877 2313 3941 rettulerit.
2372 3874 2568 3940 Sitne
2614 3874 3004 3953 intellegen-

662 4002 792 4065 dus
839 4002 1302 4066 Antimachus
1351 4002 1484 4082 ille,
1533 4001 1728 4066 cuius
1774 4000 2047 4065 sordida
2083 4000 2381 4064 avaritia
2415 4016 2457 4063 a
2490 3998 2692 4062 choro
2726 4000 3005 4061 notatur

663 4126 831 4190 th.
887 4126 1076 4206 1150,
1124 4143 1211 4189 an
1259 4125 1438 4189 alius
1487 4126 1685 4188 homo
1733 4123 2040 4189 eiusdem
2090 4124 2407 4204 nominis,
2562 4123 2740 4202 quod
2790 4122 3002 4203 perhi-

663 4252 827 4315 bent
871 4250 1149 4328 scholia,
1201 4284 1280 4295 -
1334 4266 1466 4313 non
1516 4248 1803 4328 liquet.”

751 4373 857 4437 Ad
924 4392 1022 4437 νε.
1080 4374 1208 4437 913
1257 4389 1355 4452 sq.
1401 4376 1811 4436 annotatur:
1867 4382 2078 4455 „quos
2126 4388 2369 4435 versus
2415 4370 2473 4434 si
2522 4370 2698 4434 satis
2742 4368 3000 4433 intelle·

659 4514 998 4579 geremus,
1061 4495 1456 4577 responderi
1521 4499 1753 4576 posset
1797 4496 1879 4559 ad
1928 4494 1993 4558 id
2046 4494 2221 4574 quod
2270 4512 2453 4557 1111110
2500 4494 2762 4557 frustra
2810 4508 3004 4572 quae-

661 4622 873 4687 ritur:
937 4638 1058 4686 cur
1122 4620 1398 4702 Telephi
1462 4619 1806 4701 Euripidei
1872 4636 1975 4683 νε.
2039 4618 2389 4681 921—924
2456 4619 2578 4681 fiat
2626 4616 2887 4679 mentio
2934 4616 3005 4679 et

663 4746 936 4827 saepius
1003 4746 1086 4810 ad
1154 4745 1345 4809 illam
1409 4744 1832 4824 tragoediam
1895 4742 2246 4807 alludatur
2309 4742 2379 4805 in
2442 4740 2732 4819 vicinia;
2796 4738 3003 4804 simul
