3478 5737
1809 610 1936 673 170

701 807 838 869 tur.
920 802 1411 883 Unusquisque
1474 805 1823 886 spectator
1887 804 2085 869 facile
2147 805 2617 886 intellegebat,
2679 805 3047 869 absurdam

702 946 851 993 esse
942 928 1357 1010 Strepsiadis
1446 928 1868 1010 pertinacem
1960 928 2372 1010 opinionem,
2469 929 2856 995 Socraticos
2931 934 3044 1012 τὴν

663 1053 1028 1135 ,δικανικὴν
1120 1070 1199 1118 eo
1284 1053 1567 1118 consilio
1650 1058 1756 1117 τὸν
1839 1051 2112 1138 τυχόντα
2181 1053 2440 1135 docere,
2512 1057 2590 1118 ut
2659 1054 2768 1117 hic
2835 1072 3044 1134 quam

698 1178 1235 1243 insolentissime
1296 1196 1369 1242 se
1432 1179 1501 1242 in
1564 1179 1836 1244 iudiciis
1898 1197 2133 1259 gerere
2199 1182 2450 1258 posset.
2524 1178 2704 1241 Cave
2747 1178 3044 1259 accipias

700 1304 953 1367 hancce
1041 1302 1221 1367 bruti
1308 1304 1726 1368 sententiam
1813 1282 2168 1385 tamquam
2239 1304 2296 1371 si
2369 1303 2586 1384 ipsius
2655 1306 2893 1383 poetae
2963 1302 3044 1367 de

698 1426 974 1492 Socrate
1038 1426 1249 1491 fuerit
1295 1427 1643 1492 iudicium.
1716 1428 1899 1491 Pone
1946 1428 2242 1493 comicas
2288 1426 2752 1509 oppositiones
2799 1410 3040 1507 poetae

698 1568 1059 1633 personam
1109 1550 1338 1633 celari,
1388 1550 1496 1615 hic
1542 1552 1768 1617 denuo
1814 1555 1923 1616 est
1969 1552 2496 1617 observandum.

788 1676 934 1756 Qua
980 1676 1257 1740 tandem
1304 1676 1375 1738 in
1423 1692 1497 1739 re
1546 1676 1866 1740 consistit
1906 1676 2188 1740 huiusce
2224 1676 2306 1739 ad
2347 1676 2563 1739 filium
2602 1674 3042 1739 allocutionis

692 1799 803 1863 vis
871 1798 1179 1863 comica?
1271 1800 1349 1863 In
1413 1817 1512 1875 ec,
1580 1800 1711 1863 nisi
1776 1800 1996 1877 fallor,
2061 1799 2260 1881 quod,
2325 1800 2485 1863 dum
2536 1798 2754 1861 filium
2803 1797 3041 1862 vident

692 1926 1117 2003 spectatores
1178 1940 1456 2003 prorsus
1524 1924 2000 2003 immutatum,
2049 1924 2316 2005 patrem
2365 1922 2630 1987 laetitia
2675 1924 2884 2000 atque
2929 1921 3037 1985 ad-

688 2046 1056 2111 miratione
1121 2048 1267 2111 tam
1327 2064 1479 2109 esse
1534 2050 1968 2111 occaecatum
2018 2045 2460 2127 perspiciunt,
2511 2047 2592 2109 ut
2639 2044 2761 2107 filii
2809 2042 3037 2107 vultui

684 2169 1026 2234 attribuat
1093 2170 1385 2234 colorem
1451 2188 1531 2234 ac
1602 2170 2044 2249 lineamenta,
2119 2186 2293 2249 quae
2364 2169 2509 2251 ipse
2577 2168 2808 2232 animo
2877 2168 3034 2231 furi-

688 2294 913 2358 bundo
980 2297 1252 2358 tantum
1308 2294 1438 2358 sibi
1488 2294 1719 2375 fingat,
1771 2294 1868 2359 sic
1915 2310 2184 2375 quoque
2231 2293 2454 2357 denuo
2502 2292 2792 2356 stultam
2840 2308 3026 2372 spem

689 2435 885 2481 suam
950 2418 1341 2482 ostendens
1430 2418 1599 2498 Quid
1664 2418 1878 2498 igitur
1939 2418 2251 2482 ridetur?
2335 2417 2421 2480 Et
2482 2416 2592 2480 hic
2655 2418 2728 2480 et
2777 2418 3030 2497 passim

692 2560 812 2624 por
876 2544 1095 2605 totam
1160 2542 1460 2607 fabulam
1524 2543 1738 2606 risum
1791 2544 2195 2624 praesertim
2247 2546 2478 2606 movet
2525 2541 2746 2622 patris
2791 2540 3032 2605 fanati-

694 2685 815 2731 CUS
862 2681 971 2731 τοῦ
1010 2666 1455 2753 ἀκαταβλήτου
1496 2667 1684 2745 λόγου
1724 2668 1948 2745 (1230)
1983 2668 2205 2749 ardor,
2248 2682 2356 2730 τοι)
2392 2666 2584 2750 μηδὲν
2621 2667 3034 2738 ἀποδιδόντος

693 2793 894 2876 (245),
958 2808 1068 2857 τοῦ
1132 2796 1471 2876 προσώπου
1518 2794 1924 2878 ἔξαρνητικοῦ
1973 2798 2077 2855 καὶ
2124 2792 2543 2873 ἀντιλογικοῦ,
2591 2793 2634 2856 i.
2683 2811 2741 2855 G.
2792 2808 3032 2855 revera

696 2917 1025 2995 Ἀττικοῦ,
1095 2919 1470 2984 vehemens
1530 2935 1742 2998 amor,
1806 2918 2090 2997 eiusque
2151 2931 2422 2998 γνωμῶν
2486 2915 3027 2999 ἀποστερητρίδων

690 3043 870 3120 (730)
958 3043 1390 3124 desiderium,
1462 3057 1573 3107 τοῦ
1643 3044 2124 3125 στρεψοδικῆσαι
2196 3050 2300 3107 καὶ
2371 3059 2481 3109 τοῦ
2551 3049 2696 3116 τοὺς
2765 3045 3028 3126 χρήστας

687 3166 1026 3233 διολισθεῖν
1075 3169 1253 3245 (434)
1302 3168 1663 3234 consilium
1713 3186 2065 3233 vesanum.
2124 3170 2203 3233 In
2253 3171 2398 3251 ipso
2448 3168 2840 3248 Strepsiade
2887 3167 3028 3231 irri-

686 3293 829 3357 deri
892 3295 1293 3357 cunctorum
1356 3293 1890 3357 Atheniensium
1940 3294 2316 3359 fanaticum
2363 3294 2536 3358 artis
2582 3291 2850 3357 dicendi
2899 3290 3030 3355 liti-

684 3417 1021 3496 gandique
1082 3416 1410 3498 studium,
1476 3417 1593 3480 vix
1656 3419 1765 3480 est
1826 3418 2002 3496 quod
2065 3435 2377 3482 moneam
2429 3417 2536 3494 (cf.
2587 3435 2687 3482 vs.
2741 3415 2910 3479 1176
2957 3417 3030 3478 et

684 3540 891 3604 huius
936 3541 1191 3620 disput.
1242 3559 1305 3621 p.
1353 3542 1459 3622 39,
1508 3541 1593 3604 42
1642 3559 1766 3621 sq.,
1816 3543 1902 3604 56
1949 3547 2092 3621 sq.).

777 3665 988 3744 Atqui
1062 3683 1285 3730 nonne
1334 3666 1614 3744 fingitur
1660 3665 1977 3730 Socrates
2023 3667 2242 3730 filium
2289 3667 2600 3731 docuisse
2645 3667 2868 3729 artem
2916 3678 3027 3728 τοι)

687 3789 891 3853 δοκεῖν
962 3789 1282 3854 ἀδικοῦντ’
1351 3788 1756 3852 Mazacum?
1836 3789 1948 3854 Sic
2012 3790 2142 3854 sibi
2208 3808 2350 3854 rem
2419 3790 2618 3870 fingit
2683 3793 2876 3868 pater
2941 3789 3026 3852 ob

688 3915 991 3978 Socratis
1073 3931 1475 3996 responsum
1562 3920 1688 3990 (vs.
1778 3913 1991 3990 1150).
2085 3913 2315 3978 Sentit
2379 3917 2614 3977 autem
2683 3915 3026 3994 spectator

688 4037 1161 4118 Phidippidem
1231 4038 1505 4118 quidem
1572 4038 1800 4118 ipsum
1865 4037 2310 4101 institutione
2379 4036 2682 4101 Socratis
2745 4052 3027 4117 prorsus

684 4179 821 4226 non
883 4179 1032 4226 esse
1096 4164 1465 4242 mutatum,
1514 4161 1733 4242 patris
1778 4164 2012 4225 autem
2062 4162 2144 4225 de
2191 4161 2328 4225 filio
2375 4161 2703 4225 iudicium
2752 4177 3026 4241 exspec-

680 4287 1114 4365 tationesque
1160 4286 1529 4367 provenire
1570 4303 1655 4350 ex
1703 4286 1920 4365 ipsius
1965 4285 2273 4350 ardentis
2317 4285 2532 4349 animi
2579 4283 3024 4366 permotione,

684 4410 1070 4490 mentisque
1138 4409 1489 4490 caecitate,
1555 4409 1663 4474 cui
1730 4409 1986 4473 mederi
2049 4412 2386 4473 conantur
2447 4411 2518 4472 et
2581 4407 2894 4472 Socrates
2953 4411 3026 4471 et

683 4533 965 4597 Chorus».

768 4639 1057 4722 Omnem
1142 4658 1279 4722 iam
1364 4675 1555 4736 spem
1641 4656 1927 4722 collocat
2004 4661 2196 4736 pater
2265 4657 2335 4720 in
2405 4656 2526 4720 filii
2597 4655 3016 4720 dexteritate

684 4789 807 4858 (VS.
862 4781 1089 4855 1177);
