3478 5737
1551 584 1636 648 53

509 783 548 852 5
593 778 655 842 6.
750 777 857 841 Ad
928 795 1031 841 vs,
1109 778 1371 853 1102(3)
1431 795 1497 843 v.
1561 778 1642 842 cl.
1703 779 1857 844 Van
1922 779 2265 845 Leeuwen
2314 787 2583 863 praeter
2632 784 2767 848 alia

418 901 588 965 haec
633 902 1032 966 annotavit:
1078 901 1552 986 „zgoevropoim
1593 904 1870 968 nonnisi
1908 905 1979 969 in
2020 903 2507 971 Socraticorum
2536 910 2766 972 castra

417 1029 650 1105 potest
715 1026 868 1090 dici.
961 1027 1274 1092 Scholam
1349 1027 1852 1094 Socraticorum
1922 1029 2312 1094 intraturus
2381 1031 2620 1096 Iustus
2686 1051 2765 1098 en

411 1151 704 1232 pallium
747 1153 1006 1215 meum!
1049 1151 1151 1216 ait
1197 1155 1461 1216 vestem
1511 1170 1791 1234 ponens,
1828 1153 2154 1233 quoniam
2191 1161 2469 1236 γυμνοὺς
2506 1158 2755 1222 εἰσιέναι

418 1277 732 1355 νομίζεται
781 1281 910 1352 (VS.
960 1275 1176 1354 498).”

507 1399 608 1464 Ut
657 1399 862 1464 huius
909 1399 1134 1463 Partis
1181 1417 1236 1464 c.
1287 1400 1386 1464 III
1432 1407 1468 1478 ἓ
1520 1403 1603 1467 10
1653 1403 2085 1482 argumentis
2116 1421 2357 1469 sumus
2388 1407 2763 1489 probaturi,

421 1527 708 1604 uterque
768 1526 985 1603 Λόγος
1047 1541 1084 1587 e
1150 1524 1558 1588 meditaculo
1615 1528 1724 1588 est
1781 1543 2117 1608 egressuS,
2167 1529 2409 1610 utpote
2456 1530 2575 1610 qui
2623 1530 2763 1595 illic

413 1649 836 1713 domicilium
895 1649 1144 1714 habeat
1197 1649 1304 1712 vel
1355 1650 1611 1714 versari
1660 1651 1757 1713 sit
1802 1649 2070 1732 solituS,
2120 1652 2259 1716 arti
2306 1653 2580 1718 deditus
2626 1655 2761 1718 dia·

415 1771 721 1837 lecticae.
773 1771 944 1836 Cum
991 1772 1062 1836 in
1111 1789 1425 1836 scaenam
1478 1773 1729 1854 prodiit
1778 1777 2033 1848 Δίκαιος
2080 1774 2296 1854 Λόγος
2327 1777 2443 1842 ille
2477 1777 2763 1858 frigidus

411 1898 486 1959 et
533 1895 786 1978 lentus,
835 1911 1082 1960 caveae
1130 1911 1266 1960 non
1313 1894 1680 1960 admodum
1721 1906 1871 1962 erat
1906 1901 2147 1976 gratus
2174 1903 2385 1981 atque
2416 1905 2759 1982 acceptuS,

413 2019 716 2084 vestitus
775 2021 926 2084 eius
984 2019 1193 2084 nimis
1253 2023 1404 2084 erat
1450 2019 1784 2100 antiquus
1828 2023 1900 2083 et
1944 2019 2151 2101 prisci
2198 2021 2409 2086 moris
2454 2025 2527 2086 et
2572 2022 2761 2102 lugu·

417 2143 577 2224 bris,
657 2143 1006 2208 orationes
1073 2143 1155 2206 de
1223 2142 1644 2206 abstinentia
1713 2143 2021 2207 taedium
2090 2147 2365 2210 tantum
2436 2148 2762 2226 poterant

415 2282 712 2331 movere.
809 2267 1122 2347 Repente
1189 2271 1422 2330 autem
1495 2265 1846 2330 auditores
1912 2267 2099 2348 capit
2165 2269 2761 2334 observationibus

409 2391 558 2456 suis
639 2391 1026 2456 temerariis
1104 2395 1177 2455 et
1241 2389 1324 2454 ad
1395 2390 1695 2470 corporis
1764 2389 2159 2472 voluptates
2228 2393 2757 2476 pertinentibUS,

407 2517 750 2598 ipsiu-sque
791 2516 1072 2581 virtutes
1121 2515 1510 2580 vertentibus
1553 2515 1624 2580 in
1675 2515 2056 2580 ludibrium.
2109 2517 2522 2583 Praesertim
2562 2534 2757 2601 oppo-

407 2640 572 2704 sitio
637 2639 776 2722 illa‚
839 2659 1044 2720 quam
1112 2641 1580 2705 intercessisse
1637 2641 1773 2704 iam
1842 2640 2144 2705 vidimus
2206 2642 2388 2706 inter
2444 2643 2757 2709 habitum

407 2765 769 2844 lugubrem
831 2768 1040 2844 atque
1101 2765 1286 2828 dicta
1348 2763 1652 2846 profana,
1715 2764 2087 2830 cachinnos
2149 2770 2385 2832 movet
2446 2770 2519 2831 et
2578 2767 2677 2832 sic
2726 2772 2757 2831 ὁ

413 2892 670 2963 Δίκαιος
709 2891 778 2954 in
819 2907 1068 2954 caveae
1111 2890 1304 2953 venit
1336 2889 1664 2954 favorem.
1716 2889 1985 2953 Sensim
2024 2891 2493 2973 paulatimque
2526 2910 2754 2976 cavea,

409 3033 618 3096 quam
692 3018 894 3097 poeta
959 3019 1039 3080 ut
1105 3032 1318 3095 prava
1379 3014 1770 3095 cupientem
1834 3014 1962 3078 sibi
2030 3016 2233 3080 finxit
2279 3016 2562 3097 ideoque
2610 3020 2753 3083 tam

408 3156 611 3221 saepe
675 3139 1098 3219 perstringit,
1167 3143 1272 3203 τὸν
1341 3142 1598 3203 Δίκαιον
1665 3139 1946 3221 propius
2007 3140 2225 3204 sentit
2290 3141 2609 3237 accedere
2669 3143 2753 3207 ad

405 3282 572 3329 suas
619 3262 838 3345 ipsius
883 3263 1188 3328 rationes
1237 3264 1534 3328 vivendi.
1607 3263 1907 3327 Tandem
1950 3263 2096 3343 ipse
2131 3264 2395 3329 Probus
2426 3265 2757 3346 perspicit

405 3406 483 3453 se
518 3390 605 3453 ab
640 3388 1030 3453 hominibus
1061 3404 1242 3452 nova
1273 3387 1638 3468 disciplina
1668 3386 1956 3451 imbutis
1987 3403 2123 3451 non
2157 3388 2423 3453 diutius
2454 3405 2755 3469 segrega·

408 3516 558 3577 tum
601 3529 799 3594 posse
839 3512 1095 3593 vivere,
1139 3515 1369 3575 vestes
1401 3510 1730 3591 antiquas
1762 3509 2221 3591 lugubresque
2253 3511 2449 3577 exuit
2472 3512 2755 3593 (δέξασθέ

404 3664 530 3719 μου
579 3638 937 3719 θοίμάτιον)
985 3643 1056 3701 et
1113 3672 1174 3681 —-
1233 3634 1637 3717 ἔξαυτομολεῖ
1682 3638 1836 3717 πρὸς
1882 3652 2102 3700 novos
2146 3637 2421 3703 amicos.

498 3761 942 3843 Perspicuum
991 3762 1101 3825 est
1147 3762 1434 3825 verbum
1483 3760 1709 3841 ipsum
1758 3758 2193 3839 ἐξαυτομολεῖν
2242 3760 2527 3825 nimiam
2568 3780 2751 3843 prae·

405 3887 562 3951 bere
632 3883 1130 3966 difficultatem,
1195 3885 1254 3948 si
1317 3884 1725 3949 Leeuwenio
1786 3884 2227 3949 assentimur.
2314 3884 2746 3951 Domicilium

405 4010 703 4075 habebat,
764 4012 795 4071 ὃ
847 4010 1102 4081 Δίκαιος
1150 4008 1220 4073 in
1271 4008 1573 4074 Socratis
1620 4012 2073 4091 φροντιστηρίῳ
2138 4046 2193 4054 -
2253 4010 2319 4073 id
2368 4010 2555 4073 enim
2600 4028 2749 4075 con-

401 4134 778 4199 cedendum
831 4133 964 4197 nisi
1014 4133 1399 4199 Socraticos
1443 4132 1608 4197 data
1654 4150 1861 4215 opera
1906 4150 2111 4213 quam
2154 4133 2459 4197 maxima
2498 4134 2753 4199 iniuria

399 4258 680 4322 afficere
729 4256 952 4320 mavis
1009 4277 1104 4337 —-;
1153 4256 1288 4321 iam
1340 4256 1676 4335 quomodo
1724 4256 2161 4337 ἐξαυτομολιῑν
2211 4256 2340 4320 dici
2389 4260 2620 4337 potest
2665 4258 2746 4321 ad

401 4381 624 4462 ipsius
670 4379 1218 4444 commilitonum
1269 4380 1548 4443 castra?
1597 4379 1853 4445 Deinde
1902 4382 2131 4459 verba,
2180 4396 2354 4459 quae
2385 4383 2753 4443 occurrunt

403 4523 508 4569 VS.
572 4504 738 4569 498:
801 4508 1080 4586 γυμνοὺς
1134 4505 1383 4569 εἰσιέναι
1432 4503 1745 4585 νομίζεται
1792 4507 1866 4568 et
1910 4504 2005 4569 ibi
2052 4502 2454 4585 praesertim
2503 4502 2750 4566 idcirco

399 4646 444 4694 a
505 4632 711 4711 poeta
775 4634 941 4694 sunt
987 4628 1316 4710 adhiblta,
1367 4632 1445 4693 ut
1491 4628 1788 4708 agricola
1834 4628 2284 4693 festivissime
2330 4628 2399 4691 in
2448 4642 2747 4691 errorem

395 4752 697 4817 ducatur
756 4752 866 4829 (cf.
931 4751 1112 4815 Part.
1161 4750 1228 4815 Π
1272 4751 1356 4815 ad
1405 4767 1507 4814 vs.
1565 4750 1738 4833 498),
1790 4750 1921 4814 huc
1968 4750 2027 4814 si
2076 4749 2205 4814 loci
2254 4749 2750 4831 interpretandi
