3478 5737
1794 596 1919 659 108

676 789 912 854 oculiS.
1005 788 1117 853 Sic
1184 788 1369 852 enim
1439 789 1511 853 et
1569 788 1909 870 supplicia
1970 789 2209 854 rustici
2274 790 2483 853 verba
2540 778 2612 851 e't
2660 789 3033 868 superbum

679 914 978 979 Socratis
1043 928 1451 994 responsum
1514 915 1599 989 (τί
1659 939 1731 995 με
1794 912 2020 991 καλεῖς,
2084 910 2133 976 ὦ
2199 916 2517 996 ἐφήμερες)
2580 912 2725 977 vim
2788 912 3035 994 adipis-

678 1040 931 1104 cuntur
1010 1038 1358 1119 maiorem,
1437 1039 1600 1117 quia
1677 1056 1855 1119 quae
1931 1039 2147 1104 oculis
2217 1042 2594 1103 cernuntur
2666 1036 3033 1101 verborum

678 1164 1035 1227 illustrant
1096 1180 1396 1242 sensum,
1446 1163 2084 1247 oppositionemque
2133 1163 2429 1227 reddunt
2475 1163 2807 1228 acriorem
2859 1161 3037 1226 ideo-

680 1306 812 1368 que
861 1287 1079 1367 magis
1122 1286 1473 1351 comicam.
1522 1288 1688 1352 Inde
1733 1306 1777 1352 a
1825 1306 1927 1353 vs.
1979 1289 2105 1352 222
2158 1305 2374 1367 usque
2420 1288 2505 1352 ad
2547 1288 2677 1351 239
2716 1287 3039 1351 Socrates

680 1430 882 1477 suum
929 1412 1187 1475 retinet
1230 1411 1455 1475 locum
1503 1412 1949 1494 superiorem,
1989 1428 2077 1475 ex
2116 1428 2249 1491 quo
2284 1412 2685 1494 Strepsiadi,
2718 1409 3037 1492 supplici,

680 1536 975 1617 credulo,
1027 1535 1494 1600 venerationis
1540 1536 1742 1617 pleno
1790 1535 2063 1616 egregie
2110 1536 2405 1617 imponit
2451 1536 2768 1601 dicendo:

994 1662 1313 1745 ἀεροβατῶ
1363 1663 1470 1723 καὶ
1521 1674 1875 1745 περιφρονῶ
1927 1665 2032 1725 τὸν
2081 1659 2279 1743 ἣλιον.

687 1784 1024 1866 Agricola,
1085 1788 1192 1849 τὸν
1250 1784 1427 1867 ἣλιον
1481 1785 1624 1849 vim
1671 1785 2059 1850 naturalem
2111 1784 2555 1862 divinamque
2601 1782 3039 1859 existimanS,

687 1910 914 1987 rogat:
2182 1898 2189 1905 ’

953 2031 1142 2097 ’ἔπειτ’
1189 2036 1315 2096 ἀπὸ
1364 2046 1595 2115 ταρροῦ
1643 2036 1788 2106 τοὺς
1835 2036 2017 2106 θεοὺς
2064 2036 2465 2115 ὑπερφρονεῖς
2480 2052 2504 2110 ;
2556 2066 2635 2075 -

689 2160 891 2237 putat
957 2158 1142 2221 enim
1211 2158 1690 2237 philosophum
1762 2158 2021 2221 dixisse
2088 2161 2523 2239 ὓπερφρονῶ,
2586 2153 2782 2231 isque
2830 2167 3042 2229 error,

693 2266 970 2363 propter
1036 2282 1256 2363 ipsam
1329 2280 1519 2345 verbi
1587 2280 2121 2361 ambiguitatem
2187 2279 2472 2345 minime
2520 2275 2898 2356 miranduS,
2948 2291 3030 2337 eo

693 2404 912 2485 magis
977 2404 1356 2487 Strepsiadi
1418 2404 1490 2469 in
1551 2408 1874 2487 promptu
1936 2408 2104 2487 erat,
2155 2406 2395 2485 utpote
2441 2400 2751 2483 opinanti
2800 2414 3044 2463 omnes

694 2530 1131 2611 philosophos
1175 2547 1324 2595 esse
1371 2526 1616 2603 ἀθέους.
1666 2531 2064 2609 Antequam
2103 2528 2315 2609 igitur
2352 2545 2441 2592 ex
2480 2525 2785 2591 Socratis
2822 2521 3045 2605 ipsius

695 2672 810 2720 ore
869 2654 1140 2719 audivit
1202 2655 1364 2720 deos
1424 2656 1703 2719 omnino
1766 2670 1901 2719 non
1966 2671 2134 2735 esse,
2200 2653 2335 2717 iam
2386 2651 2496 2716 hic
2542 2667 2736 2715 suam
2788 2647 3049 2729 promit

696 2780 778 2843 de
837 2782 1083 2865 ἀσεβείᾳ
1130 2778 1542 2862 opinionem,
1591 2796 1797 2859 quam
1846 2778 2174 2842 nimirum
2225 2793 2437 2857 prava
2483 2775 2765 2856 cupiens
2812 2775 3050 2836 noster

697 2906 978 2970 minime
1025 2905 1332 2971 dedecori
1379 2905 1494 2968 sed
1547 2904 1787 2969 honori
1835 2903 2258 2985 philosophis
2304 2919 2454 2966 esse
2504 2901 2675 2964 vult.

785 3031 884 3095 Ut
929 3029 1147 3110 magis
1192 3029 1406 3094 etiam
1453 3028 1921 3111 stupefactum
1966 3027 2481 3105 attonitumque
2529 3024 2769 3088 reddat
2817 3020 3045 3102 Strep-

705 3209 795 3216 ———

777 3319 1045 3378 Vocibus
1101 3320 1344 3378 rusticis
1402 3324 1532 3377 tum
1586 3317 1831 3376 demum
1886 3321 2026 3394 apte
2080 3315 2337 3390 ideoque
2393 3314 2617 3372 comice
2663 3309 3050 3388 Strepsiades

697 3418 907 3493 utitur,
965 3435 1287 3491 omnesque
1341 3415 1736 3475 difficultates
1788 3433 1971 3491 supra
2025 3417 2269 3470 notatae
2328 3415 2717 3482 evanescunt,
2776 3409 2830 3466 si
2871 3406 3053 3466 nobis

697 3514 982 3591 fingimus
1059 3514 1364 3573 Socratem
1439 3533 1674 3572 summa
1735 3512 2038 3588 dignitate
2100 3515 2365 3570 stantem
2427 3510 2489 3567 in
2552 3507 2820 3582 tabulate,
2884 3504 3051 3580 quod

702 3612 1006 3670 craticulae
1068 3613 1260 3670 instar
1319 3611 1417 3686 (cf.
1481 3609 1655 3669 Rich.
1717 3611 1881 3668 Dict.
1947 3607 2005 3665 d.
2062 3608 2208 3664 Ant.
2267 3607 2463 3680 Rom.,
2519 3625 2567 3662 e.
2624 3624 2682 3662 v.
2740 3601 3051 3677 craticula,

706 3713 954 3786 ταρῤἰον)
989 3728 1062 3768 ex
1105 3709 1423 3768 asserculis
1467 3706 1824 3783 confectum,
1866 3704 2229 3764 meditaculo
2274 3710 2370 3762 est
2412 3700 2659 3761 affixum
2702 3701 2801 3760 vel
2842 3718 3053 3777 super-

705 3808 988 3883 positum.

781 3903 942 3977 Quia
983 3903 1215 3962 Socrati
1259 3905 1686 3970 καταβαιίνοντι
1715 3901 1895 3960 scalis
1926 3919 2077 3978 opus
2110 3902 2258 3972 erat,
2290 3933 2363 3940 -—
2396 3895 2615 3972 quibus
2658 3895 2811 3953 nihil
2848 3893 3057 3954 obstat

701 4002 1019 4078 quominus
1082 4000 1397 4060 credamus
1463 4020 1600 4058 eum
1656 3999 2015 4076 inspiciente
2078 4015 2261 4054 cavea
2322 3996 2415 4052 uti
2476 4029 2571 4070 —,
2630 3993 2823 4052 scalas
2882 3992 3057 4049 iuxta

671 4099 996 4176 ‘parietem
1049 4099 1275 4176 positas
1334 4097 1412 4156 ad.
1469 4096 1810 4156 tabulatum
1853 4093 2008 4153 illud
2050 4093 2296 4152 duxisse
2340 4092 2586 4152 conicio.
2630 4091 2779 4148 Tale
2824 4089 3059 4148 tabula·

703 4201 830 4254 tum
891 4194 1148 4271 (balcon,
1211 4193 1455 4265 bordes)
1510 4195 1783 4269 talesque
1841 4194 2055 4268 scalae,
2114 4192 2177 4248 in
2231 4189 2543 4269 publicum
2588 4187 2855 4247 ferentes
2896 4186 3057 4255 (Liv.

703 4292 1015 4366 XXXIX,
1083 4295 1198 4368 14),
1261 4291 1518 4350 Athenis
1575 4292 1636 4348 in
1691 4311 1807 4348 usu
1860 4289 2071 4365 fuisse,
2129 4287 2380 4347 difficile
2438 4306 2581 4346 sane
2624 4287 2742 4344 erit
2781 4283 3057 4362 probare.

704 4391 996 4448 Attamen
1049 4408 1186 4448 cum
1239 4389 1492 4446 Aristot.
1551 4387 1712 4464 (Oec.
1772 4387 1857 4464 11,
1904 4389 1959 4450 5.
2004 4407 2045 4464 p
2111 4385 2267 4444 1374
2308 4405 2360 4460 a,
2403 4385 2467 4458 4)
2508 4385 2935 4442 commemorat
2976 4387 3059 4437 τά

708 4489 1078 4564 ὑπερέχοντα
1137 4487 1253 4542 τῶν
1299 4487 1567 4563 ὑπερῴων
1613 4489 1692 4549 εις
1738 4491 1847 4548 τὰς
1890 4485 2203 4560 δημοσίους
2248 4483 2406 4546 ὁδοὺς
2450 4487 2547 4538 καὶ
2593 4485 2727 4544 τοὺς
2770 4475 3060 4546 ἀναβαθ-

708 4587 869 4661 μούς,
926 4587 988 4642 et
1042 4583 1260 4640 Pollux
1314 4581 1388 4659 (1,
1442 4581 1542 4660 81)
1588 4588 1696 4646 τοὶς
1739 4582 2039 4659 προβολὰς
2085 4579 2201 4636 τῶν
2248 4581 2517 4657 ὑπερῴων
2560 4580 2897 4654 οἰκημάτων
2946 4579 3063 4639 τὰς

712 4683 851 4758 ὑπὲρ
897 4683 1028 4744 τοὺς
1071 4683 1187 4737 ἄνω
1232 4685 1467 4756 τοίχους
1509 4680 1888 4757 προύχούσας
1930 4677 2032 4755 (cf.
2077 4677 2155 4736 de
2196 4695 2344 4736 voce
2388 4674 2749 4733 maenianum
2792 4671 2949 4732 Rich
2994 4677 3064 4732 et

711 4778 1032 4836 For-cellini
1073 4777 1222 4856 s.v.),
1265 4797 1385 4836 non
1425 4777 1604 4836 nimis
1643 4776 1839 4836 audax
1880 4775 2030 4836 mihi
2072 4774 2319 4836 videtur
2358 4772 2643 4850 suspiciO.
