3478 5737
1466 596 1549 659 73

343 791 720 869 gratissimo
776 790 1199 869 relinqueret
1244 792 1677 872 obstrictum,
1726 791 1771 855 i.
1821 810 1880 855 e.
1931 796 2010 855 ut
2057 808 2142 855 ne
2187 809 2230 857 a
2277 793 2678 874 philosopho

344 915 393 977 ei
458 914 641 978 ullus
700 931 887 979 error
948 918 1409 979 excuteretur.
1482 916 1649 979 Cum
1719 916 1930 995 igitur
1976 915 2112 979 iam
2163 916 2363 979 initio
2412 918 2681 981 fabulae

348 1038 799 1119 Strepsiadem
881 1038 1240 1103 videamus
1316 1040 1548 1103 morbo
1620 1056 1744 1103 suo
1815 1038 2144 1119 laborare,
2220 1041 2334 1119 qui
2404 1043 2683 1105 morbus

348 1164 742 1245 procedente
792 1163 1023 1229 fabula
1070 1164 1325 1227 sensim
1377 1161 1814 1243 ingravescit,
1869 1202 1924 1208 —
1981 1164 2196 1227 fatuis
2240 1166 2420 1228 enim
2475 1166 2680 1245 philo-

348 1286 573 1368 sophia
612 1304 968 1369 perperam
1007 1286 1361 1351 intellecta
1400 1287 1649 1351 veneni
1690 1290 1798 1351 est·
1835 1288 2078 1368 instar,
2127 1326 2186 1333 -
2231 1290 2680 1353 veliementer

350 1412 736 1491 errabimus,
784 1411 841 1474 si
882 1410 1236 1475 Socratem
1280 1426 1398 1491 pro
1438 1410 1647 1474 huius
1692 1410 1908 1474 morbi
1953 1412 2681 1477 habebimusauctorc.

430 1534 687 1599 Fabula
766 1538 1003 1599 nostra
1082 1538 1362 1599 exstare
1451 1552 1585 1597 non
1676 1540 1932 1615 posset,
2021 1536 2077 1599 si
2167 1537 2404 1600 statim
2484 1538 2684 1601 init-io

354 1659 655 1739 opinione
718 1658 892 1723 falsa
950 1657 1299 1722 levaretur
1358 1658 1675 1737 agricola.
1749 1656 2054 1723 Habebis
2100 1660 2170 1723 et
2217 1660 2284 1724 in
2337 1662 2686 1741 tragoedia

356 1784 418 1847 et,
465 1785 536 1848 in
586 1783 937 1848 comoedia
983 1800 1189 1864 quam
1240 1783 1625 1847 maximum
1672 1784 2176 1864 adiumentum,
2227 1800 2360 1863 quo
2407 1802 2686 1849 moveas

357 1924 683 1973 summam
748 1912 1211 1989 spectatorum
1260 1907 1739 1986 attentionem,
1789 1907 1846 1970 si
1895 1907 2196 1986 aliquem
2245 1912 2682 1988 personatum

358 2032 661 2097 ostendes
722 2048 940 2097 vanae
1002 2032 1085 2095 de
1144 2049 1217 2096 se
1266 2032 1376 2095 vel
1422 2030 1505 2094 de
1552 2030 1786 2109 aliqua
1833 2047 1904 2093 re
1952 2031 2254 2111 opinioni
2301 2030 2526 2095 tenaci
2573 2032 2688 2095 ali·

361 2156 671 2233 quamdiu
756 2156 1153 2222 obnoxium.
1252 2155 1423 2219 Tum
1494 2154 1677 2218 enim
1751 2170 2084 2234 suspenso
2151 2154 2382 2219 animo
2453 2172 2687 2219 secum

361 2284 767 2362 reputabunt
848 2284 1269 2361 spectatores
1338 2279 1497 2359 quid
1568 2278 2004 2360 sperandum,
2075 2278 2233 2357 quid
2305 2278 2686 2343 timendum

362 2406 444 2469 sit
484 2406 569 2470 dc
616 2405 890 2469 bomine
927 2404 1247 2486 opinione
1280 2404 1457 2469 falsa
1487 2403 1593 2467 vel
1628 2420 1856 2467 errore
1890 2401 2284 2467 dulcissimo
2316 2408 2689 2485 occaecatO,

362 2530 561 2595 donec
628 2533 785 2612 post
852 2535 964 2607 τὴν
1036 2548 1209 2611 quae
1278 2530 1528 2593 dicitur
1598 2534 2037 2609 καταστροφὴν
2109 2528 2171 2591 ei
2241 2528 2474 2592 oculos
2541 2546 2691 2592 esse

362 2660 621 2735 apertos
666 2660 1102 2737 perspectum
1153 2656 1466 2719 habeant.
1519 2652 1697 2717 Data
1745 2652 1956 2733 igitur
1987 2669 2192 2733 opera
2229 2656 2430 2732 poeta
2463 2658 2694 2716 noster

366 2784 562 2860 curat,
614 2798 699 2845 ne
742 2783 907 2845 ante
956 2780 1161 2844 finem
1210 2778 1477 2843 fabul-„e
1526 2780 1832 2842 rusticus
1877 2778 2034 2857 quid
2087 2778 2181 2841 rei
2215 2777 2309 2841 sit
2340 2778 2695 2857 intellegat

366 2907 431 2968 et
489 2923 571 2968 ne
637 2906 793 2969 tum
860 2903 1135 2984 quidem
1208 2939 1289 2948 —
1352 2903 1419 2966 id
1483 2903 1657 2982 quod
1724 2921 1881 2967 cum
1951 2903 2248 2992 hominis
2313 2902 2694 2966 stoliditate

364 3029 603 3107 optime
664 3029 991 3092 convenit
1062 3065 1113 3074 -
1172 3027 1303 3091 nisi
1368 3027 1626 3090 sensim
1693 3026 2182 3106 paulatimque.
2275 3026 2460 3106 Quae
2508 3027 2690 3090 enim

368 3151 521 3216 dicit,
578 3153 761 3216 filius
806 3155 931 3232 (VS.
986 3154 1179 3227 1331)
1228 3155 1579 3232 κάποφανῶ
1628 3177 1695 3230 γε
1743 3157 1818 3232 νὴ
1872 3153 2012 3228 Δία,
2063 3155 2144 3224 ὡς
2182 3153 2245 3214 ἓν
2287 3151 2428 3236 δίκῃ
2469 3150 2520 3210 ‹5'
2553 3151 2692 3215 i-'tv-

372 3303 536 3350 πτον,
577 3278 801 3355 (1336)
847 3277 991 3341 ἑλοῦ
1038 3276 1095 3341 δ’
1160 3279 1560 3360 ὁπότερον
1628 3293 1805 3341 τοῖν
1871 3276 2160 3356 λόγοιν
2225 3277 2430 3362 βούλει
2480 3275 2696 3356 λέγειν,

370 3405 777 3482 spectatores
822 3403 1079 3482 optime
1129 3402 1544 3482 intellegunt
1592 3439 1649 3448 —-
1706 3401 1954 3468 merito
2005 3401 2190 3466 enim
2238 3402 2397 3466 dare
2445 3383 2698 3484 poenas

374 3527 640 3606 patrem,
718 3541 849 3590 non
922 3529 1105 3590 recte
1173 3531 1405 3590 autem
1478 3527 1717 3607 filium,
1791 3527 1979 3591 omni
2041 3527 2301 3608 pietate
2364 3528 2694 3608 neglecta,

372 3665 478 3712 eas
541 3667 809 3714 sumere
877 3650 1210 3730 sentiunt,
1281 3666 1490 3731 quare
1560 3655 1914 3729 rogantem
1984 3653 2184 3731 poeta
2255 3650 2420 3714 facit
2479 3651 2692 3715 filium

375 3767 695 3855 ὁπότιρον]
720 3773 772 3850 1)
810 3809 910 3854 —-,
944 3773 1207 3838 stultus
1252 3777 1491 3838 contra
1536 3779 1746 3853 atque
1793 3775 2086 3839 stolidus
2131 3777 2367 3838 noster
2394 3775 2696 3837 nondum

376 3897 717 3978 intellegit.
768 3897 885 3962 Vs.
938 3898 1107 3960 1406
1156 3898 1289 3962 iam
1341 3898 1437 3963 nil
1486 3901 1795 3963 moratur
1841 3902 2076 3962 noster
2122 3902 2230 3963 τὸν
2278 3899 2445 3980 ἥττω
2492 3898 2700 3977 λογον,

378 4021 560 4086 cuius
639 4019 973 4086 desiderio
1040 4025 1247 4085 antea
1317 4025 1673 4102 tantopere
1745 4021 2094 4100 flagrabat.
2135 4021 2187 4098 2)
2273 4023 2526 4087 Deinde
2598 4043 2697 4088 vs.

383 4147 534 4210 1437
598 4163 741 4226 sqq.
805 4145 868 4210 ei
918 4145 1189 4210 videtur
1235 4145 1419 4210 filius
1465 4144 1658 4224 λέγειν
1710 4148 1945 4224 δίκαια,
1995 4147 2410 4227 melioraque
2458 4149 2700 4213 doct-us

378 4271 723 4334 confitetur
771 4269 1107 4334 rusticus:

628 4393 837 4457 κλάειν
886 4397 1005 4476 γὰρ
1054 4397 1217 4474 ἡμᾶς
1263 4392 1423 4467 εἰκός
1469 4395 1613 4473 ἔστ’,
1664 4397 1737 4476 ἢν
1787 4401 1871 4477 μὴ
1921 4395 2138 4458 δίκαια
2185 4395 2443 4475 δρῶμεν.

680 4511 787 4520 -———

448 4569 493 4648 1)
531 4569 890 4629 Accuratius
932 4569 1043 4628 hac
1084 4570 1160 4628 de
1205 4589 1268 4627 re
1309 4589 1517 4628 sumus
1560 4570 1755 4627 acturi
1797 4571 1860 4627 in
1901 4569 2017 4629 fine
2046 4569 2222 4628 huius
2251 4570 2698 4646 disputationis,

448 4667 495 4741 2)
534 4667 637 4725 Vs.
672 4669 831 4727 1406
868 4687 957 4742 sq.
994 4671 1196 4724 ἵππευε
1240 4672 1430 4724 τοίνυν
1476 4669 1543 4742 νὴ
1593 4667 1707 4734 Δί’,
1754 4671 1826 4732 ὡς
1871 4669 2072 4744 ἔμοιγε
2117 4667 2385 4744 κρεῖττόν
2427 4671 2594 4724 ἐστιν

926 4768 1115 4822 ἵππων
1160 4767 1403 4844 τρέφειν
1448 4763 1777 4842 τέθριππον
1822 4765 1854 4838 ἢ
1901 4767 2261 4840 τυπτόμενον
2302 4767 2699 4842 ἐπιτριβῆναι.
