3478 5737
1811 556 1935 619 114
2012 631 2020 637 ‚

707 754 831 815 tes,
883 750 1055 814 Cum
1102 749 1315 813 semel
1361 750 1792 814 instituisset
1837 753 2061 831 poeta,
2100 753 2179 814 ut
2212 751 2546 830 agricolae
2584 752 3058 832 imponeretur

703 874 923 940 Nubes
982 891 1133 939 esse
1182 873 1741 955 philosophorum
1789 875 1964 957 deas,
2012 875 2083 938 in
2132 878 2456 957 promptu
2505 878 2656 940 erat
2703 876 3056 941 Socratem

706 1014 1081 1081 proponere
1138 998 1332 1077 quasi
1384 1015 1721 1063 novarum
1767 998 2050 1063 dearum
2095 1000 2514 1080 sacerdotem,
2563 1017 2604 1063 a
2652 1016 2784 1079 quo
2831 999 3053 1065 initia·

705 1126 897 1188 retur
958 1124 1281 1187 rusticus,
1356 1123 1527 1187 Cum
1590 1124 1868 1188 iubetur
1929 1142 1970 1188 a
2017 1124 2297 1189 Socrate
2345 1125 2696 1190 sacerdote
2741 1126 2814 1189 in
2863 1142 3056 1189 sacro

706 1248 1055 1312 considere
1102 1249 1407 1329 grabam,
1458 1247 1754 1312 libenter
1804 1250 2224 1331 obsequitur,
2274 1250 2392 1314 sed
2441 1266 2762 1314 coronam
2813 1266 3058 1329 capere

706 1373 956 1452 iussus
1037 1374 1243 1437 timet
1319 1390 1403 1437 116
1486 1372 1602 1437 ille
1671 1376 2032 1453 tamquam
2113 1375 2411 1439 hostiam
2479 1392 2553 1439 se
2623 1377 3056 1439 mactaturus

708 1498 802 1562 sit
900 1497 1472 1577 quemadmodum
1570 1515 1790 1580 nuper
1873 1499 1941 1563 in
2024 1500 2300 1563 theatro
2387 1501 2887 1565 Athamantem
2969 1498 3056 1563 ad

708 1638 897 1685 aram
982 1621 1353 1685 deductum
1440 1620 1731 1685 viderat.
1811 1620 2128 1686 Socrates
2210 1623 2640 1687 rusticellum
2725 1594 3056 1704 perquam

709 1745 1039 1827 pavidum
1097 1748 1292 1809 metu
1352 1744 1640 1810 liberare
1696 1746 1934 1810 studet
1979 1746 2281 1826 dicend0‚
2331 1764 2572 1813 omnes
2620 1748 2736 1828 qui
2783 1747 3058 1811 initian·

710 1874 829 1935 tur
853 1869 901 1949 1)
962 1870 1139 1935 tales
1198 1868 1428 1934 subire
1474 1870 1960 1935 caeremonias.
2033 1870 2484 1953 Strepsiades,
2535 1873 2820 1937 minime
2867 1871 3056 1936 omni

709 1996 956 2061 timore
1018 1994 1289 2059 solutus
1336 2012 1557 2074 neque
1605 2012 1874 2077 curam,
1924 2012 2098 2075 quae
2143 1995 2227 2060 ad
2274 1998 2623 2078 propriam
2669 2014 2808 2061 non
2855 1996 3056 2077 perti·
3127 1972 3140 1985 ¹

713 2122 925 2184 neant
971 2118 1372 2200 utilitatem,
1422 2125 1657 2200 rogat:
1705 2117 1839 2185 εἶτα
1886 2120 1962 2204 δὴ
2010 2124 2071 2183 τί
2117 2121 2436 2203 κερδανῶς

802 2244 992 2307 Licet
1060 2243 1198 2307 iam
1266 2243 1667 2310 dulcissima
1733 2246 1972 2311 audiat
2041 2246 2346 2312 Socratis
2413 2247 2788 2328 promissa:
2861 2245 3055 2323 λέγειν

710 2372 947 2449 γενήσει
1033 2382 1290 2451 τρῖμμα,
1329 2369 1380 2447 2)
1443 2368 1770 2453 κρόταλον,
1833 2370 2145 2455 παιπάλη,
2209 2374 2445 2435 tamen
2515 2370 2810 2435 nondum
2886 2370 3061 2435 satis

715 2495 1027 2575 quietum
1104 2510 1324 2575 neque
1403 2495 1705 2561 Socratis
1773 2496 2080 2561 consiliis
2150 2495 2653 2578 propositisque
2725 2494 3059 2559 confisum

715 2637 788 2684 se
873 2619 1173 2701 praebet,
1260 2619 1584 2701 incertuS,
1671 2621 1833 2699 quid
1917 2622 2045 2685 sibi
2129 2621 2258 2701 ipsi
2343 2620 2484 2684 fiat.
2587 2618 2764 2700 Quin
2847 2620 3060 2684 etiam

718 2760 881 2809 voce
941 2743 1235 2827 παιπάλη
1297 2745 1535 2808 audita
1594 2746 2008 2824 perterritus
2068 2744 2310 2825 surgit,
2375 2742 2642 2807 veritus
2687 2760 2774 2807 ne
2821 2759 3062 2808 revera

714 2868 1050 2934 habeatur
1126 2868 1431 2950 victima,
1510 2886 1683 2948 quae
1753 2871 1890 2934 iam
1962 2870 2142 2934 mola
2211 2870 2722 2949 conspergatur.
2796 2867 3058 2933 Socrati

716 3010 873 3057 eum
922 2993 1191 3076 placare
1236 2994 1541 3075 cupienti
1587 2994 2012 3074 dicentique:
2061 2992 2203 3058 ἀλλ’
2251 2993 2336 3079 ’ἔχ’
2385 2995 2652 3077 ἀτρεμεῖ,
2697 2993 3064 3074 respondet

717 3117 1128 3198 suspicionis
1174 3111 1457 3200 plenusz'
1502 3135 1710 3202 „cave
1756 3137 1867 3184 me
1913 3119 2132 3201 fallas,
2181 3087 2685 3200 conspergendo
2733 3116 3060 3182 nimirum

719 3241 1009 3327 παιπάλῃ
1056 3243 1357 3324 (polline)
1404 3242 1733 3323 παιπάλην
1785 3245 2130 3326 (callidum
2179 3244 2430 3320 virum)
2478 3261 2588 3307 me
2638 3243 2910 3320 facieS‚”
2951 3241 3061 3305 vel

718 3367 977 3448 potius:
1010 3384 1216 3450 „num
1244 3384 1353 3433 me
1378 3366 1669 3452 παιπάλη
1689 3369 2196 3450 conspergendo
2216 3368 2545 3452 παιπάλην
2563 3369 2874 3434 facturus
2897 3366 3062 3431 es‘?’'

799 3571 847 3650 l)
905 3571 1149 3650 Optime
1210 3570 1477 3630 scholion
1542 3571 1620 3629 ad
1681 3591 1861 3631 voces
1924 3574 2056 3637 τοὺς
2120 3578 2498 3650 τελουμένους
2561 3569 2871 3649 perhibet:
2933 3573 3064 3634 τοὺς

721 3676 1091 3748 μυουμένους.
1151 3671 1401 3746 ἐνδόξοις
1458 3673 1521 3727 δὲ
1578 3676 1921 3748 μυστηρίοις
1978 3672 2364 3749 παραβάλλει
2423 3677 2500 3727 τα
2547 3677 2663 3726 τῶν
2707 3669 3065 3747 φιλοσόφων

729 3767 1095 3846 μαθήματα,
1140 3771 1233 3824 ἵνα
1278 3769 1365 3825 ἔτι
1407 3775 1643 3844 μᾶλλον
1687 3767 1870 3843 πείθῃ
1915 3767 2233 3847 προσέχειν
2266 3770 2364 3825 τὸν
2394 3773 2653 3846 γέροντα
2682 3770 2756 3832 ὡς
2785 3765 3064 3844 &seor-{poa

724 3867 805 3938 τῷ
851 3871 1189 3944 πράγματι.
3059 3896 3062 3898 v

798 3962 848 4042 2)
910 3963 1013 4021 Ad
1086 3981 1293 4024 vocem
1373 3965 1599 4041 τρῖμμα
1676 3969 1929 4022 annotat
2001 3963 2385 4022 scholiastes:
2465 3961 2660 4021 ταῦτα
2737 3965 2800 4020 δὲ
2865 3967 3066 4036 λέγων

724 4057 1002 4124 λίθους
1080 4059 1502 4136 συγκρούει
1582 4057 1879 4123 ἄνωθεν
1957 4058 2207 4117 αὑτοῦ.
2293 4063 2527 4124 ἄλλως·
2609 4057 2803 4115 ταῦτα
2867 4065 3067 4133 λέγων

724 4159 749 4212 ὂ
810 4161 1139 4234 Σωκράτης
1182 4153 1389 4220 λίθους
1432 4159 1818 4235 παρατρὶβων
1862 4162 2138 4235 πωρίνους
2183 4163 2278 4213 καὶ
2324 4161 2540 4235 κρούων
2584 4159 2722 4234 πρὸς
2763 4160 3068 4231 ἀλλήλους

728 4263 1099 4328 συναγαγὼν
1178 4259 1254 4310 τὰ
1330 4256 1441 4310 ἀπὸ
1524 4255 1748 4311 τούτων
1811 4253 2180 4332 θραύσματα
2245 4256 2467 4322 βοίλλει
2534 4259 2632 4311 τὸν
2695 4254 3066 4332 πρεσβύτην,

730 4351 1008 4429 καθάπερ
1067 4358 1145 4409 τὰ
1200 4356 1372 4431 ἱερεῖα
1432 4353 1560 4418 ταῖς
1616 4353 1814 4417 οὐλαῖς
1869 4359 1915 4409 οἱ
1971 4351 2281 4417 θύοντες..
2312 4396 2325 4409 .
2384 4354 2608 4430 τρῖμμα
2650 4357 2759 4429 μὲν
2805 4354 2913 4426 τὴν
2957 4356 3071 4408 ἀπὸ

731 4451 955 4508 τούτων
1026 4455 1428 4507 ἐκπίπτουσαν
1486 4451 1783 4526 λατύπην.
1861 4450 2034 4508 Talia
2087 4450 2544 4508 scholiastarum
2598 4449 3070 4508 umbraticorum

730 4553 1067 4606 commenta
1128 4569 1163 4606 a
1224 4549 1451 4606 comica
1510 4547 1936 4625 Aristophanis
1990 4548 2167 4606 Musa
2221 4567 2466 4634 prorsus
2519 4566 2650 4606 esse
2693 4548 2905 4623 aliena,
2949 4566 3073 4605 non

730 4651 894 4706 esset
955 4645 1115 4721 quod
1174 4665 1495 4720 monerem,
1560 4646 1677 4703 nisi
1736 4644 1917 4703 hodie
1973 4665 2207 4720 quoque
2262 4644 2560 4704 eiusmodi
2611 4645 2790 4722 nugis
2847 4645 3076 4722 imponi

732 4743 851 4804 sibi
888 4750 1243 4822 paterentur
1282 4746 1399 4804 viri
1440 4743 1666 4803 eruditi
1708 4743 1810 4823 (cf.
1857 4742 2110 4803 Teuffel.
2155 4743 2234 4802 ad
2272 4745 2357 4820 1.).
