<?xml version="1.0" encoding="UTF-8"?>
<!DOCTYPE html PUBLIC "-//W3C//DTD XHTML 1.0 Transitional//EN"
    "http://www.w3.org/TR/xhtml1/DTD/xhtml1-transitional.dtd">
<html xmlns="http://www.w3.org/1999/xhtml" xml:lang="en" lang="en">
 <head>
  <title>
</title>
<meta http-equiv="Content-Type" content="text/html;charset=utf-8" />
  <meta name='ocr-system' content='tesseract 3.04.00' />
  <meta name='ocr-capabilities' content='ocr_page ocr_carea ocr_par ocr_line ocrx_word'/>
</head>
<body>
  <div class='ocr_page' id='page_1' title='image "./dearistophanisi00heldgoog_0065.png"; bbox 0 0 3478 5737; ppageno 0'>
   <div class='ocr_carea' id='block_1_1' title="bbox 1489 587 1576 650">
    <p class='ocr_par' dir='ltr' id='par_1_1' title="bbox 1489 587 1576 650">
     <span class='ocr_line' id='line_1_1' title="bbox 1489 587 1576 650; baseline 0 0"><span class='ocrx_word' id='word_1_1' title='bbox 1489 587 1576 650; x_wconf 88' lang='lat'><strong>49</strong></span> 
     </span>
    </p>
   </div>
   <div class='ocr_carea' id='block_1_2' title="bbox 351 779 2793 2975">
    <p class='ocr_par' dir='ltr' id='par_1_2' title="bbox 353 779 2715 1730">
     <span class='ocr_line' id='line_1_2' title="bbox 354 779 2708 865; baseline 0.003 -23"><span class='ocrx_word' id='word_1_2' title='bbox 354 779 846 860; x_wconf 75' lang='lat' dir='ltr'><strong>perstrinxisse</strong></span> <span class='ocrx_word' id='word_1_3' title='bbox 907 779 1168 844; x_wconf 81' lang='lat' dir='ltr'><strong>dixeris</strong></span> <span class='ocrx_word' id='word_1_4' title='bbox 1227 817 1290 825; x_wconf 92' lang='lat'><strong>—</strong></span> <span class='ocrx_word' id='word_1_5' title='bbox 1345 781 1404 844; x_wconf 88' lang='lat' dir='ltr'><strong>si</strong></span> <span class='ocrx_word' id='word_1_6' title='bbox 1467 781 1719 846; x_wconf 79' lang='lat' dir='ltr'><strong>tribuis</strong></span> <span class='ocrx_word' id='word_1_7' title='bbox 1784 781 2089 847; x_wconf 86' lang='lat' dir='ltr'><strong>Nubium</strong></span> <span class='ocrx_word' id='word_1_8' title='bbox 2152 783 2523 865; x_wconf 82' lang='lat' dir='ltr'><strong>repulsam,</strong></span> <span class='ocrx_word' id='word_1_9' title='bbox 2572 801 2708 850; x_wconf 91' lang='lat' dir='ltr'><strong>non</strong></span> 
     </span>
     <span class='ocr_line' id='line_1_3' title="bbox 355 903 2715 972; baseline 0.003 -6"><span class='ocrx_word' id='word_1_10' title='bbox 355 905 508 968; x_wconf 87' lang='lat' dir='ltr'><strong>tam</strong></span> <span class='ocrx_word' id='word_1_11' title='bbox 568 920 611 967; x_wconf 90' lang='lat' dir='ltr'><strong>a</strong></span> <span class='ocrx_word' id='word_1_12' title='bbox 669 919 831 968; x_wconf 89' lang='lat' dir='ltr'><strong>vero</strong></span> <span class='ocrx_word' id='word_1_13' title='bbox 875 903 1190 968; x_wconf 87' lang='lat' dir='ltr'><strong>aberrare</strong></span> <span class='ocrx_word' id='word_1_14' title='bbox 1239 905 1410 970; x_wconf 90' lang='lat' dir='ltr'><strong>mibi</strong></span> <span class='ocrx_word' id='word_1_15' title='bbox 1459 905 1733 970; x_wconf 86' lang='lat' dir='ltr'><strong>videris.</strong></span> <span class='ocrx_word' id='word_1_16' title='bbox 1806 905 2035 970; x_wconf 87' lang='lat' dir='ltr'><strong>Facile</strong></span> <span class='ocrx_word' id='word_1_17' title='bbox 2082 905 2517 970; x_wconf 78' lang='lat' dir='ltr'><strong>concedimus</strong></span> <span class='ocrx_word' id='word_1_18' title='bbox 2564 907 2715 972; x_wconf 87' lang='lat' dir='ltr'><strong>infi-</strong></span> 
     </span>
     <span class='ocr_line' id='line_1_4' title="bbox 355 1026 2711 1112; baseline 0.002 -20"><span class='ocrx_word' id='word_1_19' title='bbox 355 1044 546 1092; x_wconf 84' lang='lat' dir='ltr'><strong>mam</strong></span> <span class='ocrx_word' id='word_1_20' title='bbox 621 1026 888 1106; x_wconf 89' lang='lat' dir='ltr'><strong>plebem</strong></span> <span class='ocrx_word' id='word_1_21' title='bbox 969 1027 1468 1094; x_wconf 75' lang='lat' dir='ltr'><strong>inconsiderate</strong></span> <span class='ocrx_word' id='word_1_22' title='bbox 1547 1029 1855 1110; x_wconf 87' lang='lat' dir='ltr'><strong>erupisse</strong></span> <span class='ocrx_word' id='word_1_23' title='bbox 1924 1029 1997 1094; x_wconf 91' lang='lat' dir='ltr'><strong>in</strong></span> <span class='ocrx_word' id='word_1_24' title='bbox 2064 1029 2453 1112; x_wconf 80' lang='lat' dir='ltr'><strong>cachinnOS,</strong></span> <span class='ocrx_word' id='word_1_25' title='bbox 2522 1032 2711 1096; x_wconf 86' lang='lat' dir='ltr'><strong>viros</strong></span> 
     </span>
     <span class='ocr_line' id='line_1_5' title="bbox 353 1149 2711 1234; baseline 0.001 -19"><span class='ocrx_word' id='word_1_26' title='bbox 353 1155 596 1215; x_wconf 90' lang='lat' dir='ltr'><strong>autem</strong></span> <span class='ocrx_word' id='word_1_27' title='bbox 635 1149 890 1233; x_wconf 67' lang='grc' dir='ltr'><strong><em>δεξιούς,</em></strong></span> <span class='ocrx_word' id='word_1_28' title='bbox 923 1167 1214 1232; x_wconf 88' lang='lat' dir='ltr'><strong>quorum</strong></span> <span class='ocrx_word' id='word_1_29' title='bbox 1249 1151 1554 1216; x_wconf 84' lang='lat' dir='ltr'><strong>favorem</strong></span> <span class='ocrx_word' id='word_1_30' title='bbox 1593 1155 1794 1234; x_wconf 87' lang='lat' dir='ltr'><strong>poeta</strong></span> <span class='ocrx_word' id='word_1_31' title='bbox 1826 1169 2235 1234; x_wconf 85' lang='lat' dir='ltr'><strong>magnopere</strong></span> <span class='ocrx_word' id='word_1_32' title='bbox 2262 1154 2549 1219; x_wconf 85' lang='lat' dir='ltr'><strong>curabat</strong></span> <span class='ocrx_word' id='word_1_33' title='bbox 2578 1161 2711 1231; x_wconf 80' lang='lat' dir='ltr'><strong>(vs,</strong></span> 
     </span>
     <span class='ocr_line' id='line_1_6' title="bbox 355 1275 2711 1358; baseline 0.002 -20"><span class='ocrx_word' id='word_1_34' title='bbox 355 1277 484 1339; x_wconf 80' lang='lat'><strong>521</strong></span> <span class='ocrx_word' id='word_1_35' title='bbox 537 1278 610 1339; x_wconf 88' lang='lat' dir='ltr'><strong>et</strong></span> <span class='ocrx_word' id='word_1_36' title='bbox 655 1275 831 1357; x_wconf 81' lang='lat'><strong>527),</strong></span> <span class='ocrx_word' id='word_1_37' title='bbox 877 1293 920 1340; x_wconf 92' lang='lat' dir='ltr'><strong>a</strong></span> <span class='ocrx_word' id='word_1_38' title='bbox 966 1275 1210 1356; x_wconf 81' lang='lat' dir='ltr'><strong>plausu</strong></span> <span class='ocrx_word' id='word_1_39' title='bbox 1257 1293 1330 1339; x_wconf 88' lang='lat' dir='ltr'><strong>se</strong></span> <span class='ocrx_word' id='word_1_40' title='bbox 1375 1277 1803 1342; x_wconf 87' lang='lat' dir='ltr'><strong>continuisse</strong></span> <span class='ocrx_word' id='word_1_41' title='bbox 1850 1277 2025 1341; x_wconf 89' lang='lat' dir='ltr'><strong>satis</strong></span> <span class='ocrx_word' id='word_1_42' title='bbox 2057 1277 2447 1358; x_wconf 89' lang='lat' dir='ltr'><strong>putaverim</strong></span> <span class='ocrx_word' id='word_1_43' title='bbox 2476 1277 2711 1342; x_wconf 88' lang='lat' dir='ltr'><strong>verisi-</strong></span> 
     </span>
     <span class='ocr_line' id='line_1_7' title="bbox 358 1398 2703 1484; baseline 0.001 -21"><span class='ocrx_word' id='word_1_44' title='bbox 358 1399 544 1463; x_wconf 90' lang='lat' dir='ltr'><strong>mile.</strong></span> <span class='ocrx_word' id='word_1_45' title='bbox 595 1398 666 1464; x_wconf 82' lang='lat' dir='ltr'><strong>Si</strong></span> <span class='ocrx_word' id='word_1_46' title='bbox 714 1399 925 1479; x_wconf 88' lang='lat' dir='ltr'><strong>igitur</strong></span> <span class='ocrx_word' id='word_1_47' title='bbox 973 1401 1146 1464; x_wconf 86' lang='lat' dir='ltr'><strong>hanc</strong></span> <span class='ocrx_word' id='word_1_48' title='bbox 1191 1403 1277 1464; x_wconf 92' lang='lat' dir='ltr'><strong>ob</strong></span> <span class='ocrx_word' id='word_1_49' title='bbox 1323 1417 1602 1465; x_wconf 86' lang='lat' dir='ltr'><strong>causam</strong></span> <span class='ocrx_word' id='word_1_50' title='bbox 1651 1401 1897 1465; x_wconf 89' lang='lat' dir='ltr'><strong>cecidit</strong></span> <span class='ocrx_word' id='word_1_51' title='bbox 1944 1401 2199 1481; x_wconf 74' lang='lat' dir='ltr'><strong>fabula,</strong></span> <span class='ocrx_word' id='word_1_52' title='bbox 2242 1418 2379 1466; x_wconf 90' lang='lat' dir='ltr'><strong>non</strong></span> <span class='ocrx_word' id='word_1_53' title='bbox 2428 1405 2703 1484; x_wconf 87' lang='lat' dir='ltr'><strong>propter</strong></span> 
     </span>
     <span class='ocr_line' id='line_1_8' title="bbox 358 1524 2707 1607; baseline 0.001 -19"><span class='ocrx_word' id='word_1_54' title='bbox 358 1524 718 1588; x_wconf 85' lang='lat' dir='ltr'><strong>Socratem</strong></span> <span class='ocrx_word' id='word_1_55' title='bbox 768 1524 884 1588; x_wconf 88' lang='lat' dir='ltr'><strong>sed</strong></span> <span class='ocrx_word' id='word_1_56' title='bbox 933 1527 1212 1606; x_wconf 88' lang='lat' dir='ltr'><strong>propter</strong></span> <span class='ocrx_word' id='word_1_57' title='bbox 1256 1525 1565 1589; x_wconf 85' lang='lat' dir='ltr'><strong>convicia</strong></span> <span class='ocrx_word' id='word_1_58' title='bbox 1610 1525 1680 1589; x_wconf 90' lang='lat' dir='ltr'><strong>in</strong></span> <span class='ocrx_word' id='word_1_59' title='bbox 1728 1525 2057 1607; x_wconf 88' lang='lat' dir='ltr'><strong>populum</strong></span> <span class='ocrx_word' id='word_1_60' title='bbox 2091 1525 2341 1590; x_wconf 89' lang='lat' dir='ltr'><strong>cecidit</strong></span> <span class='ocrx_word' id='word_1_61' title='bbox 2370 1527 2479 1603; x_wconf 88' lang='lat' dir='ltr'><strong>(cf.</strong></span> <span class='ocrx_word' id='word_1_62' title='bbox 2516 1525 2707 1590; x_wconf 85' lang='lat' dir='ltr'><strong>Part.</strong></span> 
     </span>
     <span class='ocr_line' id='line_1_9' title="bbox 357 1643 1164 1730; baseline -0.001 -18"><span class='ocrx_word' id='word_1_63' title='bbox 357 1648 408 1726; x_wconf 89' lang='lat' dir='ltr'><strong>I,</strong></span> <span class='ocrx_word' id='word_1_64' title='bbox 463 1647 536 1712; x_wconf 89' lang='lat' dir='ltr'><strong>C.</strong></span> <span class='ocrx_word' id='word_1_65' title='bbox 588 1647 640 1730; x_wconf 91' lang='lat' dir='ltr'><strong>I,</strong></span> <span class='ocrx_word' id='word_1_66' title='bbox 690 1652 728 1724; x_wconf 68' lang='grc' dir='ltr'>ἓ</span> <span class='ocrx_word' id='word_1_67' title='bbox 775 1643 814 1711; x_wconf 82' lang='lat'><strong>2</strong></span> <span class='ocrx_word' id='word_1_68' title='bbox 863 1647 937 1711; x_wconf 89' lang='lat' dir='ltr'><strong>in</strong></span> <span class='ocrx_word' id='word_1_69' title='bbox 985 1647 1164 1724; x_wconf 86' lang='lat' dir='ltr'><strong>fine).</strong></span> 
     </span>
    </p>

    <p class='ocr_par' dir='ltr' id='par_1_3' title="bbox 351 1771 2793 2975">
     <span class='ocr_line' id='line_1_10' title="bbox 447 1771 2707 1854; baseline 0 -17"><span class='ocrx_word' id='word_1_70' title='bbox 447 1772 633 1838; x_wconf 86' lang='lat' dir='ltr'><strong>Sunt</strong></span> <span class='ocrx_word' id='word_1_71' title='bbox 679 1772 887 1837; x_wconf 88' lang='lat' dir='ltr'><strong>multi</strong></span> <span class='ocrx_word' id='word_1_72' title='bbox 938 1771 1068 1836; x_wconf 89' lang='lat' dir='ltr'><strong>viri</strong></span> <span class='ocrx_word' id='word_1_73' title='bbox 1115 1773 1298 1838; x_wconf 91' lang='lat' dir='ltr'><strong>docti</strong></span> <span class='ocrx_word' id='word_1_74' title='bbox 1345 1773 1528 1850; x_wconf 85' lang='lat' dir='ltr'><strong>(vide</strong></span> <span class='ocrx_word' id='word_1_75' title='bbox 1573 1772 1756 1836; x_wconf 86' lang='lat' dir='ltr'><strong>infra</strong></span> <span class='ocrx_word' id='word_1_76' title='bbox 1795 1772 2000 1837; x_wconf 87' lang='lat' dir='ltr'><strong>huius</strong></span> <span class='ocrx_word' id='word_1_77' title='bbox 2039 1773 2265 1838; x_wconf 90' lang='lat' dir='ltr'><strong>Partis</strong></span> <span class='ocrx_word' id='word_1_78' title='bbox 2302 1773 2525 1854; x_wconf 87' lang='lat' dir='ltr'><strong>Caput</strong></span> <span class='ocrx_word' id='word_1_79' title='bbox 2561 1772 2707 1854; x_wconf 91' lang='lat' dir='ltr'><strong>III),</strong></span> 
     </span>
     <span class='ocr_line' id='line_1_11' title="bbox 355 1895 2709 1979; baseline 0 -18"><span class='ocrx_word' id='word_1_80' title='bbox 355 1899 476 1977; x_wconf 89' lang='lat' dir='ltr'><strong>qui</strong></span> <span class='ocrx_word' id='word_1_81' title='bbox 559 1895 1006 1978; x_wconf 75' lang='lat' dir='ltr'><strong>contendant,</strong></span> <span class='ocrx_word' id='word_1_82' title='bbox 1091 1897 1274 1962; x_wconf 83' lang='lat' dir='ltr'><strong>sexti</strong></span> <span class='ocrx_word' id='word_1_83' title='bbox 1355 1897 1773 1978; x_wconf 87' lang='lat' dir='ltr'><strong>Argumenti</strong></span> <span class='ocrx_word' id='word_1_84' title='bbox 1841 1900 2196 1962; x_wconf 82' lang='lat' dir='ltr'><strong>auctorem</strong></span> <span class='ocrx_word' id='word_1_85' title='bbox 2264 1898 2508 1979; x_wconf 91' lang='lat' dir='ltr'><strong>secuti,</strong></span> <span class='ocrx_word' id='word_1_86' title='bbox 2580 1898 2709 1962; x_wconf 89' lang='lat' dir='ltr'><strong>hoc</strong></span> 
     </span>
     <span class='ocr_line' id='line_1_12' title="bbox 356 2021 2705 2102; baseline -0.001 -16"><span class='ocrx_word' id='word_1_87' title='bbox 356 2021 720 2102; x_wconf 87' lang='lat' dir='ltr'><strong>utriusque</strong></span> <span class='ocrx_word' id='word_1_88' title='bbox 807 2021 1032 2100; x_wconf 74' lang='grc' dir='ltr'><em>Λόγου</em></span> <span class='ocrx_word' id='word_1_89' title='bbox 1119 2023 1466 2086; x_wconf 89' lang='lat' dir='ltr'><strong>certamen</strong></span> <span class='ocrx_word' id='word_1_90' title='bbox 1546 2021 1615 2084; x_wconf 91' lang='lat' dir='ltr'><strong>in</strong></span> <span class='ocrx_word' id='word_1_91' title='bbox 1687 2021 2048 2102; x_wconf 80' lang='lat' dir='ltr'><strong>prioribus,</strong></span> <span class='ocrx_word' id='word_1_92' title='bbox 2118 2037 2293 2101; x_wconf 89' lang='lat' dir='ltr'><strong>quae</strong></span> <span class='ocrx_word' id='word_1_93' title='bbox 2360 2021 2705 2100; x_wconf 88' lang='lat' dir='ltr'><strong>dicuntur,</strong></span> 
     </span>
     <span class='ocr_line' id='line_1_13' title="bbox 355 2146 2707 2228; baseline -0.001 -15"><span class='ocrx_word' id='word_1_94' title='bbox 355 2148 678 2213; x_wconf 88' lang='lat' dir='ltr'><strong>Nubibus</strong></span> <span class='ocrx_word' id='word_1_95' title='bbox 741 2165 878 2212; x_wconf 90' lang='lat' dir='ltr'><strong>non</strong></span> <span class='ocrx_word' id='word_1_96' title='bbox 945 2147 1344 2212; x_wconf 87' lang='lat' dir='ltr'><strong>occurrisse.</strong></span> <span class='ocrx_word' id='word_1_97' title='bbox 1433 2146 1652 2228; x_wconf 77' lang='lat' dir='ltr'><strong>Quam</strong></span> <span class='ocrx_word' id='word_1_98' title='bbox 1719 2146 2105 2228; x_wconf 88' lang='lat' dir='ltr'><strong>opinionem</strong></span> <span class='ocrx_word' id='word_1_99' title='bbox 2176 2146 2580 2226; x_wconf 90' lang='lat' dir='ltr'><strong>praesertim</strong></span> <span class='ocrx_word' id='word_1_100' title='bbox 2627 2163 2707 2211; x_wconf 89' lang='lat' dir='ltr'><strong>eo</strong></span> 
     </span>
     <span class='ocr_line' id='line_1_14' title="bbox 354 2269 2793 2353; baseline -0.002 -17"><span class='ocrx_word' id='word_1_101' title='bbox 354 2271 644 2337; x_wconf 83' lang='lat' dir='ltr'><strong>refutari</strong></span> <span class='ocrx_word' id='word_1_102' title='bbox 706 2272 1024 2353; x_wconf 88' lang='lat' dir='ltr'><strong>arbitror,</strong></span> <span class='ocrx_word' id='word_1_103' title='bbox 1089 2270 1263 2350; x_wconf 87' lang='lat' dir='ltr'><strong>quod</strong></span> <span class='ocrx_word' id='word_1_104' title='bbox 1329 2269 1513 2334; x_wconf 89' lang='lat' dir='ltr'><strong>credi</strong></span> <span class='ocrx_word' id='word_1_105' title='bbox 1576 2287 1712 2334; x_wconf 91' lang='lat' dir='ltr'><strong>non</strong></span> <span class='ocrx_word' id='word_1_106' title='bbox 1778 2273 2008 2352; x_wconf 87' lang='lat' dir='ltr'><strong>potest</strong></span> <span class='ocrx_word' id='word_1_107' title='bbox 2068 2272 2365 2351; x_wconf 89' lang='lat' dir='ltr'><strong>poetam,</strong></span> <span class='ocrx_word' id='word_1_108' title='bbox 2424 2269 2544 2348; x_wconf 89' lang='lat' dir='ltr'><strong>qui</strong></span> <span class='ocrx_word' id='word_1_109' title='bbox 2592 2286 2711 2351; x_wconf 90' lang='lat' dir='ltr'><strong>per</strong></span> <span class='ocrx_word' id='word_1_110' title='bbox 2787 2288 2793 2297; x_wconf 96' lang='lat'>·</span> 
     </span>
     <span class='ocr_line' id='line_1_15' title="bbox 354 2393 2703 2473; baseline -0.001 -13"><span class='ocrx_word' id='word_1_111' title='bbox 354 2397 628 2461; x_wconf 82' lang='lat' dir='ltr'><strong>fabulae</strong></span> <span class='ocrx_word' id='word_1_112' title='bbox 677 2396 1238 2462; x_wconf 83' lang='lat' dir='ltr'><strong>retractationem</strong></span> <span class='ocrx_word' id='word_1_113' title='bbox 1289 2395 1617 2460; x_wconf 85' lang='lat' dir='ltr'><strong>maiorem</strong></span> <span class='ocrx_word' id='word_1_114' title='bbox 1665 2411 1831 2459; x_wconf 89' lang='lat' dir='ltr'><strong>sane</strong></span> <span class='ocrx_word' id='word_1_115' title='bbox 1876 2394 2149 2459; x_wconf 89' lang='lat' dir='ltr'><strong>laudem</strong></span> <span class='ocrx_word' id='word_1_116' title='bbox 2196 2393 2521 2473; x_wconf 89' lang='lat' dir='ltr'><strong>consequi</strong></span> <span class='ocrx_word' id='word_1_117' title='bbox 2570 2397 2703 2458; x_wconf 91' lang='lat' dir='ltr'><strong>stu·</strong></span> 
     </span>
     <span class='ocr_line' id='line_1_16' title="bbox 351 2517 2709 2602; baseline -0.002 -16"><span class='ocrx_word' id='word_1_118' title='bbox 351 2522 549 2586; x_wconf 88' lang='lat' dir='ltr'><strong>deret</strong></span> <span class='ocrx_word' id='word_1_119' title='bbox 594 2539 800 2602; x_wconf 87' lang='lat' dir='ltr'><strong>quam</strong></span> <span class='ocrx_word' id='word_1_120' title='bbox 851 2521 1194 2601; x_wconf 87' lang='lat' dir='ltr'><strong>prioribus</strong></span> <span class='ocrx_word' id='word_1_121' title='bbox 1243 2519 1555 2584; x_wconf 88' lang='lat' dir='ltr'><strong>Nubibus</strong></span> <span class='ocrx_word' id='word_1_122' title='bbox 1601 2519 1729 2583; x_wconf 89' lang='lat' dir='ltr'><strong>sibi</strong></span> <span class='ocrx_word' id='word_1_123' title='bbox 1779 2520 2267 2600; x_wconf 85' lang='lat' dir='ltr'><strong>comparasset,</strong></span> <span class='ocrx_word' id='word_1_124' title='bbox 2316 2521 2461 2582; x_wconf 88' lang='lat' dir='ltr'><strong>tam</strong></span> <span class='ocrx_word' id='word_1_125' title='bbox 2512 2517 2709 2599; x_wconf 88' lang='lat' dir='ltr'><strong>longe</strong></span> 
     </span>
     <span class='ocr_line' id='line_1_17' title="bbox 351 2643 2704 2723; baseline -0.001 -14"><span class='ocrx_word' id='word_1_126' title='bbox 351 2663 393 2709; x_wconf 88' lang='lat' dir='ltr'><strong>a</strong></span> <span class='ocrx_word' id='word_1_127' title='bbox 461 2661 634 2709; x_wconf 84' lang='lat' dir='ltr'><strong>sana</strong></span> <span class='ocrx_word' id='word_1_128' title='bbox 703 2648 934 2709; x_wconf 88' lang='lat' dir='ltr'><strong>mente</strong></span> <span class='ocrx_word' id='word_1_129' title='bbox 999 2645 1353 2708; x_wconf 87' lang='lat' dir='ltr'><strong>aberrasse</strong></span> <span class='ocrx_word' id='word_1_130' title='bbox 1425 2645 1504 2708; x_wconf 92' lang='lat' dir='ltr'><strong>ut</strong></span> <span class='ocrx_word' id='word_1_131' title='bbox 1573 2643 1702 2707; x_wconf 89' lang='lat' dir='ltr'><strong>sibi</strong></span> <span class='ocrx_word' id='word_1_132' title='bbox 1776 2643 2065 2722; x_wconf 87' lang='lat' dir='ltr'><strong>fingeret</strong></span> <span class='ocrx_word' id='word_1_133' title='bbox 2132 2659 2252 2723; x_wconf 86' lang='lat' dir='ltr'><strong>per</strong></span> <span class='ocrx_word' id='word_1_134' title='bbox 2318 2645 2704 2706; x_wconf 82' lang='lat' dir='ltr'><strong>extremam</strong></span> 
     </span>
     <span class='ocr_line' id='line_1_18' title="bbox 352 2765 2709 2849; baseline -0.001 -16"><span class='ocrx_word' id='word_1_135' title='bbox 352 2770 564 2833; x_wconf 89' lang='lat' dir='ltr'><strong>huius</strong></span> <span class='ocrx_word' id='word_1_136' title='bbox 607 2768 1008 2832; x_wconf 87' lang='lat' dir='ltr'><strong>certaminis</strong></span> <span class='ocrx_word' id='word_1_137' title='bbox 1054 2770 1322 2849; x_wconf 85' lang='lat' dir='ltr'><strong>partem</strong></span> <span class='ocrx_word' id='word_1_138' title='bbox 1371 2783 1443 2830; x_wconf 91' lang='lat' dir='ltr'><strong>se</strong></span> <span class='ocrx_word' id='word_1_139' title='bbox 1491 2783 1731 2830; x_wconf 85' lang='lat' dir='ltr'><strong>revera</strong></span> <span class='ocrx_word' id='word_1_140' title='bbox 1780 2767 2113 2830; x_wconf 89' lang='lat' dir='ltr'><strong>maiorem</strong></span> <span class='ocrx_word' id='word_1_141' title='bbox 2142 2783 2185 2830; x_wconf 88' lang='lat' dir='ltr'><strong>a</strong></span> <span class='ocrx_word' id='word_1_142' title='bbox 2218 2767 2388 2830; x_wconf 80' lang='lat' dir='ltr'><strong>bene</strong></span> <span class='ocrx_word' id='word_1_143' title='bbox 2422 2765 2709 2830; x_wconf 86' lang='lat' dir='ltr'><strong>moratis</strong></span> 
     </span>
     <span class='ocr_line' id='line_1_19' title="bbox 353 2892 1446 2975; baseline -0.002 -18"><span class='ocrx_word' id='word_1_144' title='bbox 353 2894 662 2959; x_wconf 84' lang='lat' dir='ltr'><strong>favorem</strong></span> <span class='ocrx_word' id='word_1_145' title='bbox 711 2910 862 2957; x_wconf 90' lang='lat' dir='ltr'><strong>esse</strong></span> <span class='ocrx_word' id='word_1_146' title='bbox 909 2896 1388 2975; x_wconf 88' lang='lat' dir='ltr'><strong>percepturum</strong></span> <span class='ocrx_word' id='word_1_147' title='bbox 1410 2892 1446 2955; x_wconf 67' lang='grc' dir='ltr'>Ῥ</span> 
     </span>
    </p>
   </div>
   <div class='ocr_carea' id='block_1_3' title="bbox 350 3137 2704 4714">
    <p class='ocr_par' dir='ltr' id='par_1_4' title="bbox 351 3137 2703 3345">
     <span class='ocr_line' id='line_1_20' title="bbox 443 3137 2703 3219; baseline -0.001 -15"><span class='ocrx_word' id='word_1_148' title='bbox 443 3146 480 3218; x_wconf 70' lang='lat'>5</span> <span class='ocrx_word' id='word_1_149' title='bbox 529 3140 589 3204; x_wconf 82' lang='lat'><strong>5.</strong></span> <span class='ocrx_word' id='word_1_150' title='bbox 686 3139 828 3204; x_wconf 92' lang='lat' dir='ltr'><strong>Iam</strong></span> <span class='ocrx_word' id='word_1_151' title='bbox 905 3139 1260 3203; x_wconf 87' lang='lat' dir='ltr'><strong>videamus</strong></span> <span class='ocrx_word' id='word_1_152' title='bbox 1328 3139 1412 3203; x_wconf 92' lang='lat' dir='ltr'><strong>de</strong></span> <span class='ocrx_word' id='word_1_153' title='bbox 1475 3138 1955 3205; x_wconf 89' lang='lat' dir='ltr'><strong>audacissimis</strong></span> <span class='ocrx_word' id='word_1_154' title='bbox 2016 3137 2316 3219; x_wconf 90' lang='lat' dir='ltr'><strong>Improbi</strong></span> <span class='ocrx_word' id='word_1_155' title='bbox 2380 3137 2703 3219; x_wconf 79' lang='lat' dir='ltr'><strong>consiliiS,</strong></span> 
     </span>
     <span class='ocr_line' id='line_1_21' title="bbox 351 3260 2312 3345; baseline -0.003 -16"><span class='ocrx_word' id='word_1_156' title='bbox 351 3282 562 3345; x_wconf 89' lang='lat' dir='ltr'><strong>quam</strong></span> <span class='ocrx_word' id='word_1_157' title='bbox 612 3264 915 3327; x_wconf 84' lang='lat' dir='ltr'><strong>maxime</strong></span> <span class='ocrx_word' id='word_1_158' title='bbox 961 3279 1127 3327; x_wconf 88' lang='lat' dir='ltr'><strong>sane</strong></span> <span class='ocrx_word' id='word_1_159' title='bbox 1175 3262 1586 3345; x_wconf 85' lang='lat' dir='ltr'><strong>reipublicae</strong></span> <span class='ocrx_word' id='word_1_160' title='bbox 1633 3261 1842 3326; x_wconf 88' lang='lat' dir='ltr'><strong>saluti</strong></span> <span class='ocrx_word' id='word_1_161' title='bbox 1891 3260 2312 3343; x_wconf 70' lang='lat' dir='ltr'><strong>perniciosis</strong></span> 
     </span>
    </p>

    <p class='ocr_par' dir='ltr' id='par_1_5' title="bbox 443 3386 1442 3459">
     <span class='ocr_line' id='line_1_22' title="bbox 443 3386 1442 3459; baseline 0.001 -9"><span class='ocrx_word' id='word_1_162' title='bbox 443 3387 564 3451; x_wconf 89' lang='lat' dir='ltr'><strong>Vs.</strong></span> <span class='ocrx_word' id='word_1_163' title='bbox 617 3387 786 3449; x_wconf 78' lang='lat'>1079</span> <span class='ocrx_word' id='word_1_164' title='bbox 834 3386 1003 3450; x_wconf 87' lang='lat' dir='ltr'><strong>dicit</strong></span> <span class='ocrx_word' id='word_1_165' title='bbox 1049 3388 1080 3447; x_wconf 87' lang='grc' dir='ltr'>ὁ</span> <span class='ocrx_word' id='word_1_166' title='bbox 1131 3386 1442 3459; x_wconf 69' lang='grc' dir='ltr'><strong>’Ἄδικοςε</strong></span> 
     </span>
    </p>

    <p class='ocr_par' dir='ltr' id='par_1_6' title="bbox 534 3508 2512 3721">
     <span class='ocr_line' id='line_1_23' title="bbox 534 3508 2512 3597; baseline 0.001 -26"><span class='ocrx_word' id='word_1_167' title='bbox 534 3516 750 3595; x_wconf 80' lang='grc' dir='ltr'><strong><em>μοιχὸς</em></strong></span> <span class='ocrx_word' id='word_1_168' title='bbox 796 3516 916 3593; x_wconf 77' lang='grc' dir='ltr'><strong>γὰρ</strong></span> <span class='ocrx_word' id='word_1_169' title='bbox 965 3512 1038 3593; x_wconf 81' lang='grc' dir='ltr'><strong>ἢν</strong></span> <span class='ocrx_word' id='word_1_170' title='bbox 1093 3514 1277 3597; x_wconf 81' lang='grc' dir='ltr'><strong><em>τύχῃς</em></strong></span> <span class='ocrx_word' id='word_1_171' title='bbox 1323 3511 1536 3587; x_wconf 80' lang='grc' dir='ltr'><strong><em>ἁλούς,</em></strong></span> <span class='ocrx_word' id='word_1_172' title='bbox 1582 3508 1722 3573; x_wconf 75' lang='grc' dir='ltr'><strong>τάδ’</strong></span> <span class='ocrx_word' id='word_1_173' title='bbox 1768 3513 2035 3592; x_wconf 68' lang='grc' dir='ltr'><strong>ἀντερεῖς</strong></span> <span class='ocrx_word' id='word_1_174' title='bbox 2083 3513 2237 3592; x_wconf 82' lang='grc' dir='ltr'><strong><em>πρὸς</em></strong></span> <span class='ocrx_word' id='word_1_175' title='bbox 2283 3510 2512 3573; x_wconf 76' lang='grc' dir='ltr'><em>αὐτόν·</em></span> 
     </span>
     <span class='ocr_line' id='line_1_24' title="bbox 535 3636 1367 3721; baseline -0.001 -20"><span class='ocrx_word' id='word_1_176' title='bbox 535 3642 620 3711; x_wconf 88' lang='grc' dir='ltr'><strong>ὡς</strong></span> <span class='ocrx_word' id='word_1_177' title='bbox 667 3636 846 3701; x_wconf 72' lang='grc' dir='ltr'>οὐδὲν</span> <span class='ocrx_word' id='word_1_178' title='bbox 895 3638 1202 3721; x_wconf 69' lang='grc' dir='ltr'><strong>ἧδίκηκας</strong></span> <span class='ocrx_word' id='word_1_179' title='bbox 1238 3640 1367 3701; x_wconf 71' lang='lat' dir='ltr'><strong>cet.</strong></span> 
     </span>
    </p>

    <p class='ocr_par' dir='ltr' id='par_1_7' title="bbox 350 3758 2704 4714">
     <span class='ocr_line' id='line_1_25' title="bbox 441 3758 2704 3828; baseline -0.004 0"><span class='ocrx_word' id='word_1_180' title='bbox 441 3762 712 3828; x_wconf 84' lang='lat' dir='ltr'><strong>Haecce</strong></span> <span class='ocrx_word' id='word_1_181' title='bbox 775 3764 980 3827; x_wconf 82' lang='lat' dir='ltr'><strong>verba</strong></span> <span class='ocrx_word' id='word_1_182' title='bbox 1042 3763 1112 3827; x_wconf 90' lang='lat' dir='ltr'><strong>in</strong></span> <span class='ocrx_word' id='word_1_183' title='bbox 1163 3762 1562 3825; x_wconf 86' lang='lat' dir='ltr'><strong>memoriam</strong></span> <span class='ocrx_word' id='word_1_184' title='bbox 1613 3762 1941 3824; x_wconf 86' lang='lat' dir='ltr'><strong>revocant</strong></span> <span class='ocrx_word' id='word_1_185' title='bbox 1986 3758 2271 3823; x_wconf 86' lang='lat' dir='ltr'><strong>Isiciarii</strong></span> <span class='ocrx_word' id='word_1_186' title='bbox 2328 3758 2505 3823; x_wconf 82' lang='lat' dir='ltr'><strong>vitae</strong></span> <span class='ocrx_word' id='word_1_187' title='bbox 2552 3774 2704 3821; x_wconf 91' lang='lat' dir='ltr'><strong>con·</strong></span> 
     </span>
     <span class='ocr_line' id='line_1_26' title="bbox 350 3880 2702 3967; baseline -0.003 -16"><span class='ocrx_word' id='word_1_188' title='bbox 350 3887 758 3953; x_wconf 86' lang='lat' dir='ltr'><strong>suetudiues</strong></span> <span class='ocrx_word' id='word_1_189' title='bbox 788 3887 1041 3967; x_wconf 86' lang='lat' dir='ltr'><strong>(Equit.</strong></span> <span class='ocrx_word' id='word_1_190' title='bbox 1094 3904 1190 3950; x_wconf 88' lang='lat' dir='ltr'><strong>vs.</strong></span> <span class='ocrx_word' id='word_1_191' title='bbox 1239 3887 1365 3950; x_wconf 86' lang='lat'><strong>417</strong></span> <span class='ocrx_word' id='word_1_192' title='bbox 1418 3903 1586 3967; x_wconf 85' lang='lat' dir='ltr'><strong>sqq.,</strong></span> <span class='ocrx_word' id='word_1_193' title='bbox 1637 3882 2041 3965; x_wconf 89' lang='lat' dir='ltr'><strong>praesertim</strong></span> <span class='ocrx_word' id='word_1_194' title='bbox 2092 3900 2192 3945; x_wconf 85' lang='lat' dir='ltr'><strong>vs.</strong></span> <span class='ocrx_word' id='word_1_195' title='bbox 2240 3882 2428 3959; x_wconf 79' lang='lat'>427):</span> <span class='ocrx_word' id='word_1_196' title='bbox 2462 3880 2702 3965; x_wconf 87' lang='lat' dir='ltr'><strong>„surri-</strong></span> 
     </span>
     <span class='ocr_line' id='line_1_27' title="bbox 351 4004 2703 4093; baseline -0.003 -17"><span class='ocrx_word' id='word_1_197' title='bbox 351 4029 532 4093; x_wconf 89' lang='lat' dir='ltr'><strong>pere‚</strong></span> <span class='ocrx_word' id='word_1_198' title='bbox 578 4010 839 4075; x_wconf 85' lang='lat' dir='ltr'><strong>infitias</strong></span> <span class='ocrx_word' id='word_1_199' title='bbox 883 4011 1004 4091; x_wconf 90' lang='lat' dir='ltr'><strong>ire,</strong></span> <span class='ocrx_word' id='word_1_200' title='bbox 1053 4010 1282 4075; x_wconf 87' lang='lat' dir='ltr'><strong>dolose</strong></span> <span class='ocrx_word' id='word_1_201' title='bbox 1328 4009 1765 4090; x_wconf 85' lang='lat' dir='ltr'><strong>abscondere,</strong></span> <span class='ocrx_word' id='word_1_202' title='bbox 1800 4025 1885 4072; x_wconf 90' lang='lat' dir='ltr'><strong>en</strong></span> <span class='ocrx_word' id='word_1_203' title='bbox 1918 4007 2071 4088; x_wconf 88' lang='lat' dir='ltr'><strong>tria,</strong></span> <span class='ocrx_word' id='word_1_204' title='bbox 2108 4022 2281 4086; x_wconf 90' lang='lat' dir='ltr'><strong>quae</strong></span> <span class='ocrx_word' id='word_1_205' title='bbox 2312 4010 2381 4071; x_wconf 91' lang='lat' dir='ltr'><strong>te</strong></span> <span class='ocrx_word' id='word_1_206' title='bbox 2413 4004 2703 4069; x_wconf 85' lang='lat' dir='ltr'><strong>reddant</strong></span> 
     </span>
     <span class='ocr_line' id='line_1_28' title="bbox 352 4129 2703 4217; baseline -0.003 -18"><span class='ocrx_word' id='word_1_207' title='bbox 352 4136 696 4217; x_wconf 89' lang='lat' dir='ltr'><strong>idoneum,</strong></span> <span class='ocrx_word' id='word_1_208' title='bbox 763 4137 841 4199; x_wconf 92' lang='lat' dir='ltr'><strong>ut</strong></span> <span class='ocrx_word' id='word_1_209' title='bbox 904 4134 1394 4216; x_wconf 86' lang='lat' dir='ltr'><strong>rempublicam</strong></span> <span class='ocrx_word' id='word_1_210' title='bbox 1462 4132 1967 4197; x_wconf 85' lang='lat' dir='ltr'><strong>administres.’&#39;</strong></span> <span class='ocrx_word' id='word_1_211' title='bbox 2041 4129 2223 4193; x_wconf 84' lang='lat' dir='ltr'><strong>Talis</strong></span> <span class='ocrx_word' id='word_1_212' title='bbox 2271 4129 2411 4193; x_wconf 86' lang='lat' dir='ltr'><strong>fere</strong></span> <span class='ocrx_word' id='word_1_213' title='bbox 2459 4129 2703 4193; x_wconf 88' lang='lat' dir='ltr'><strong>horum</strong></span> 
     </span>
     <span class='ocr_line' id='line_1_29' title="bbox 354 4254 2702 4333; baseline -0.003 -11"><span class='ocrx_word' id='word_1_214' title='bbox 354 4277 686 4324; x_wconf 85' lang='lat' dir='ltr'><strong>versuum</strong></span> <span class='ocrx_word' id='word_1_215' title='bbox 731 4262 841 4323; x_wconf 87' lang='lat' dir='ltr'><strong>est</strong></span> <span class='ocrx_word' id='word_1_216' title='bbox 887 4275 1150 4323; x_wconf 89' lang='lat' dir='ltr'><strong>sensus.</strong></span> <span class='ocrx_word' id='word_1_217' title='bbox 1225 4258 1694 4323; x_wconf 77' lang='lat' dir='ltr'><strong>Conferendus</strong></span> <span class='ocrx_word' id='word_1_218' title='bbox 1742 4260 1851 4320; x_wconf 88' lang='lat' dir='ltr'><strong>est</strong></span> <span class='ocrx_word' id='word_1_219' title='bbox 1900 4273 2001 4319; x_wconf 82' lang='lat' dir='ltr'><strong>VS.</strong></span> <span class='ocrx_word' id='word_1_220' title='bbox 2051 4254 2203 4329; x_wconf 76' lang='lat'><strong>637,</strong></span> <span class='ocrx_word' id='word_1_221' title='bbox 2250 4254 2318 4317; x_wconf 90' lang='lat' dir='ltr'><strong>in</strong></span> <span class='ocrx_word' id='word_1_222' title='bbox 2361 4269 2493 4333; x_wconf 89' lang='lat' dir='ltr'><strong>quo</strong></span> <span class='ocrx_word' id='word_1_223' title='bbox 2543 4270 2702 4316; x_wconf 87' lang='lat' dir='ltr'><strong>enu-</strong></span> 
     </span>
     <span class='ocr_line' id='line_1_30' title="bbox 353 4375 2703 4463; baseline -0.003 -16"><span class='ocrx_word' id='word_1_224' title='bbox 353 4388 711 4448; x_wconf 87' lang='lat' dir='ltr'><strong>merantur</strong></span> <span class='ocrx_word' id='word_1_225' title='bbox 771 4399 947 4463; x_wconf 85' lang='lat' dir='ltr'><strong>quae</strong></span> <span class='ocrx_word' id='word_1_226' title='bbox 1010 4383 1398 4447; x_wconf 87' lang='lat' dir='ltr'><strong>oratoribus</strong></span> <span class='ocrx_word' id='word_1_227' title='bbox 1463 4384 1628 4445; x_wconf 88' lang='lat' dir='ltr'><strong>sunt</strong></span> <span class='ocrx_word' id='word_1_228' title='bbox 1677 4380 2101 4444; x_wconf 86' lang='lat' dir='ltr'><strong>necessaria:</strong></span> <span class='ocrx_word' id='word_1_229' title='bbox 2153 4380 2406 4462; x_wconf 73' lang='grc' dir='ltr'><em>θράσος,</em></span> <span class='ocrx_word' id='word_1_230' title='bbox 2452 4375 2703 4455; x_wconf 76' lang='grc' dir='ltr'><em>γλῶττα</em></span> 
     </span>
     <span class='ocr_line' id='line_1_31' title="bbox 351 4502 2702 4590; baseline -0.002 -20"><span class='ocrx_word' id='word_1_231' title='bbox 351 4510 634 4590; x_wconf 62' lang='grc' dir='ltr'><strong>εὔπορος,</strong></span> <span class='ocrx_word' id='word_1_232' title='bbox 671 4512 850 4588; x_wconf 70' lang='grc' dir='ltr'><em>φωνὴ</em></span> <span class='ocrx_word' id='word_1_233' title='bbox 889 4506 1172 4587; x_wconf 77' lang='grc' dir='ltr'><em>ἀναιδής.</em></span> <span class='ocrx_word' id='word_1_234' title='bbox 1247 4505 1680 4570; x_wconf 86' lang='lat' dir='ltr'><strong>Didiceratne</strong></span> <span class='ocrx_word' id='word_1_235' title='bbox 1720 4503 2070 4568; x_wconf 89' lang='lat' dir='ltr'><strong>Isiciarius</strong></span> <span class='ocrx_word' id='word_1_236' title='bbox 2096 4503 2331 4567; x_wconf 87' lang='lat' dir='ltr'><strong>taliaa</strong></span> <span class='ocrx_word' id='word_1_237' title='bbox 2358 4502 2702 4584; x_wconf 86' lang='lat' dir='ltr'><strong>Sophistis</strong></span> 
     </span>
     <span class='ocr_line' id='line_1_32' title="bbox 355 4626 2699 4714; baseline -0.003 -18"><span class='ocrx_word' id='word_1_238' title='bbox 355 4633 466 4697; x_wconf 90' lang='lat' dir='ltr'><strong>vel</strong></span> <span class='ocrx_word' id='word_1_239' title='bbox 511 4650 554 4697; x_wconf 87' lang='lat' dir='ltr'><strong>a</strong></span> <span class='ocrx_word' id='word_1_240' title='bbox 601 4632 932 4697; x_wconf 82' lang='lat' dir='ltr'><strong>Socrate?</strong></span> <span class='ocrx_word' id='word_1_241' title='bbox 981 4634 1090 4696; x_wconf 90' lang='lat' dir='ltr'><strong>An</strong></span> <span class='ocrx_word' id='word_1_242' title='bbox 1141 4632 1370 4714; x_wconf 91' lang='lat' dir='ltr'><strong>potius</strong></span> <span class='ocrx_word' id='word_1_243' title='bbox 1410 4628 1821 4711; x_wconf 82' lang='lat' dir='ltr'><strong>perstrinxit</strong></span> <span class='ocrx_word' id='word_1_244' title='bbox 1857 4631 2059 4708; x_wconf 87' lang='lat' dir='ltr'><strong>poeta</strong></span> <span class='ocrx_word' id='word_1_245' title='bbox 2095 4627 2423 4709; x_wconf 91' lang='lat' dir='ltr'><strong>populum</strong></span> <span class='ocrx_word' id='word_1_246' title='bbox 2449 4626 2699 4707; x_wconf 89' lang='lat' dir='ltr'><strong>ipsum,</strong></span> 
     </span>
    </p>
   </div>
   <div class='ocr_carea' id='block_1_4' title="bbox 355 4750 2705 4925">
    <p class='ocr_par' dir='ltr' id='par_1_8' title="bbox 355 4750 2705 4925">
     <span class='ocr_line' id='line_1_33' title="bbox 355 4750 2705 4837; baseline -0.003 -16"><span class='ocrx_word' id='word_1_247' title='bbox 355 4756 472 4837; x_wconf 85' lang='lat' dir='ltr'><strong>qui</strong></span> <span class='ocrx_word' id='word_1_248' title='bbox 509 4758 582 4821; x_wconf 73' lang='lat' dir='ltr'><strong>et</strong></span> <span class='ocrx_word' id='word_1_249' title='bbox 619 4756 828 4821; x_wconf 90' lang='lat' dir='ltr'><strong>nimis</strong></span> <span class='ocrx_word' id='word_1_250' title='bbox 866 4773 1245 4837; x_wconf 87' lang='lat' dir='ltr'><strong>propensus</strong></span> <span class='ocrx_word' id='word_1_251' title='bbox 1282 4760 1434 4819; x_wconf 88' lang='lat' dir='ltr'><strong>orat</strong></span> <span class='ocrx_word' id='word_1_252' title='bbox 1470 4754 1554 4818; x_wconf 89' lang='lat' dir='ltr'><strong>ad</strong></span> <span class='ocrx_word' id='word_1_253' title='bbox 1587 4753 2005 4835; x_wconf 83' lang='lat' dir='ltr'><strong>pravitatem</strong></span> <span class='ocrx_word' id='word_1_254' title='bbox 2042 4752 2112 4814; x_wconf 80' lang='lat' dir='ltr'><strong>et</strong></span> <span class='ocrx_word' id='word_1_255' title='bbox 2144 4754 2421 4832; x_wconf 84' lang='lat' dir='ltr'><strong>proptor</strong></span> <span class='ocrx_word' id='word_1_256' title='bbox 2447 4750 2705 4814; x_wconf 88' lang='lat' dir='ltr'><strong>mentis</strong></span> 
     </span>
     <span class='ocr_line' id='line_1_34' title="bbox 2597 4874 2629 4925; baseline 0 0"><span class='ocrx_word' id='word_1_257' title='bbox 2597 4874 2629 4925; x_wconf 86' lang='lat'>4</span> 
     </span>
    </p>
   </div>
  </div>
 </body>
</html>
