3478 5737
1572 580 1695 643 133

543 778 939 855 Antequam
1006 775 1287 841 docendi
1358 776 1524 840 facit
1588 775 1891 856 initium,
1956 776 2406 856 philosophus
2452 775 2803 840 nonnullis

451 898 1025 981 quaestiunculis,
1087 900 1277 965 nulla
1343 900 1484 965 fere
1552 916 1708 965 cum
1759 916 1924 964 cura
1969 899 2298 965 adhibitis
2358 937 2420 945 -
2477 917 2564 965 ex
2612 917 2801 965 more
2861 872 2878 891 ⁵

448 1025 785 1105 magistri,
855 1028 1019 1091 ante
1088 1025 1333 1089 initam
1404 1024 1928 1090 institutionem
1997 1042 2154 1090 cum
2204 1024 2558 1106 'discipulo
2619 1041 2799 1089 novo

448 1149 959 1215 confabulantis
1002 1149 1464 1232 —,paululum
1501 1165 1909 1229 cognoscere
1941 1154 2235 1215 conatur
2265 1149 2506 1214 rustici
2542 1149 2798 1229 ingenii

448 1274 890 1339 docilitatem.
977 1274 1219 1339 Utitur
1286 1274 1638 1355 magister,
1712 1273 1908 1353 quasi
1967 1274 2150 1338 forte
2211 1274 2492 1339 fortuna
2551 1277 2694 1355 aut,
2743 1274 2800 1338 si
2887 1340 2896 1357 ,

452 1397 581 1477 viS,
641 1414 728 1461 ex
786 1397 1343 1479 philosophorum
1390 1396 1910 1478 consuetudine,
1961 1413 2125 1461 voce
2172 1410 2485 1482 μηχαναῖς
2545 1434 2606 1441 -
2655 1396 2802 1480 „dic

452 1521 622 1585 mihi
669 1521 893 1601 qualis
938 1520 1032 1585 sit
1077 1519 1340 1585 indoles
1386 1521 1532 1601 tua,
1577 1519 1703 1584 ἳνα.
1730 1569 1744 1583 .
1773 1568 1788 1583 .
1833 1526 2211 1606 μηχανὰς
2258 1523 2377 1605 ἤδη
2427 1520 2519 1585 ’πὶ
2560 1524 2800 1594 τούτοις

450 1649 605 1727 πρὸς
668 1648 729 1709 σὲ
798 1650 1019 1719 καινὰς
1086 1644 1457 1728 προσφέρω”
1522 1669 1633 1719 -,·
1703 1645 2047 1726 intellegit
2094 1648 2398 1712 rusticus
2446 1646 2801 1711 machinas

452 1769 749 1851 bellicaS,
817 1774 1061 1852 utpote
1120 1770 1367 1850 tropici
1428 1769 1619 1833 vocis
1683 1785 1852 1834 usus
1912 1769 2214 1850 ignarus,
2290 1771 2510 1853 „Esne
2555 1795 2800 1854 μνημο-

450 1894 687 1975 νικός,”
743 1894 1009 1975 roganti
1082 1894 1411 1974 magistro
1457 1892 1828 1973 respondet
1873 1892 2322 1975 Strepsiades,
2373 1910 2538 1959 suae
2584 1895 2800 1959 avari·

450 2018 591 2082 tiae
651 2018 988 2098 praebens
1051 2015 1417 2081 indicium:
1490 2015 1656 2098 „hoc
1702 2032 1741 2081 e
1789 2032 1952 2081 casu
2001 2017 2254 2099 pendet
2299 2018 2482 2098 ipso:
2530 2017 2588 2081 si
2637 2016 2798 2098 quid

452 2142 622 2206 mihi
690 2142 997 2224 debetur,
1069 2158 1223 2205 sum
1282 2143 1547 2221 μνήμων
1609 2142 1804 2217 πάνυ,
1866 2140 1971 2204 sin
2035 2142 2182 2222 ipse
2241 2141 2450 2205 debeo
2510 2178 2570 2187 —
2630 2141 2801 2206 satis

451 2284 607 2331 sum
656 2267 897 2331 miser!
954 2304 1015 2313 —
1049 2265 1409 2347 ἐπιλήσμων
1459 2265 1694 2330 πάνυ.”
1749 2302 1798 2311 -
1839 2265 2090 2349 „Estne
2127 2264 2358 2329 animo
2398 2267 2518 2329 tuo
2551 2265 2798 2331 innata

454 2390 721 2455 dicendi
769 2390 1160 2455 facultas?”
1225 2428 1283 2437 —
1338 2390 1677 2475 »Λέγειν
1724 2392 1836 2471 μὲν
1885 2393 1996 2452 οὒκ
2043 2386 2256 2468 ἔνεστ’,
2305 2392 2797 2472 ἀποστερεῖν

452 2514 509 2579 δ’
556 2516 739 2581 'ivd'
801 2515 1119 2594 (Multum
1173 2518 1345 2582 hanc
1390 2517 1633 2581 rustici
1680 2518 1988 2598 apertam
2040 2514 2530 2595 professionem
2569 2515 2798 2581 valere

450 2642 533 2706 ad
598 2642 866 2706 fabulae
928 2640 1294 2706 consilium
1340 2640 1906 2722 cognoscendum,
1971 2656 2176 2721 supra
2222 2639 2360 2703 iam
2408 2641 2797 2705 observavi-

452 2784 627 2847 mus,
689 2766 773 2830 cs.
839 2764 909 2830 P.
960 2765 1009 2847 I,
1058 2783 1115 2829 c.
1165 2765 1249 2849 II,
1298 2772 1334 2843 ἓ
1381 2766 1443 2847 4,
1494 2784 1554 2847 p.
1606 2767 1737 2841 46).
1789 2802 1872 2809 —
1932 2765 2116 2848 „Quo
2163 2763 2373 2843 igitur
2422 2769 2619 2845 pacto
2668 2765 2797 2829 dis-

451 2909 603 2956 cere
646 2891 906 2972 pcteris
921 2887 995 2955 ‘2'’
1046 2892 1265 2972 pergit
1310 2908 1547 2970 rogare
1595 2891 1928 2957 Socrates,
1971 2928 2030 2934 -—
2070 2889 2393 2974 ηἈμέλει,
2427 2890 2694 2966 καλῶς.”
2724 2931 2786 2938 -

540 3016 618 3079 In
703 3015 993 3080 eundem
1080 3015 1357 3079 modum
1441 3033 1615 3095 quae
1684 3014 1926 3080 deinde
1996 3018 2200 3095 poeta
2266 3016 2792 3082 contendentem

454 3142 943 3220 rogantemque
1013 3139 1179 3203 facit
1248 3139 1619 3220 Socratem,
1694 3155 1772 3202 eo
1842 3141 2119 3203 tantum
2183 3139 2465 3204 consilio
2533 3141 2797 3205 addidit

454 3269 531 3328 ut
595 3267 721 3328 aut
786 3281 873 3327 ex
944 3279 1188 3327 vocum
1261 3262 1368 3327 vel
1438 3263 1941 3326 sententiarum
2013 3263 2465 3343 ambiguitate
2529 3267 2796 3346 peteret

450 3375 590 3451 viln
686 3387 1052 3452 comicam:
1146 3385 1669 3472 προβάλλειν,
1756 3359 2418 3470 ὑφαρπάζσεσθαι,
2499 3391 2625 3453 aut
2708 3406 2794 3453 ex

448 3529 695 3594 erroro,
744 3513 815 3576 in
866 3529 1069 3591 quem
1119 3512 1469 3577 inducitur
1516 3529 1764 3576 senex:
1815 3505 2169 3576 κατάθου
2221 3518 2674 3594 θοίμάτιον
2723 3551 2778 3558 -

452 3637 704 3701 metuit
786 3636 1087 3701 rusticus
1170 3655 1252 3700 ne
1338 3653 1575 3700 revera
1654 3639 2055 3702 verberetur
2131 3643 2466 3719 putatque
2545 3639 2792 3703 idcirco

452 3761 801 3826 Socratem
850 3763 1048 3826 modo
1096 3778 1365 3840 rogasse
1414 3763 1474 3824 τί
1520 3761 1691 3848 δρᾷς,
1743 3763 1816 3843 ἢν
1866 3764 1958 3836 τίς
2004 3785 2064 3825 σε
2104 3766 2306 3848 τύπτῃ
2341 3771 2468 3839 (vs.
2509 3766 2660 3840 494)
2701 3785 2794 3842 -;

450 3891 817 3966 γυμνοὺς
885 3886 1239 3948 εἰσιέναι
1312 3888 1744 3966 νομίζεται
1819 3923 1897 3934 --
1969 3889 2224 3968 cogitat
2293 3889 2611 3968 rusticus,
2679 3886 2794 3966 qui

452 4011 775 4074 nimirum
849 4027 983 4074 non
1054 4013 1239 4074 omni
1316 4016 1512 4076 vacat
1580 4013 1998 4076 conscientia
2069 4013 2230 4076 mali
2299 4011 2405 4092 (cf.
2473 4029 2570 4075 VS.
2620 4011 2794 4090 487),

452 4133 801 4198 Socratem
865 4134 1081 4198 vereri
1151 4151 1237 4198 ne
1286 4135 1429 4215 ipse
1479 4137 1572 4199 sit
1619 4136 1823 4200 furax
1886 4156 1978 4216 ——3
2028 4149 2130 4208 τῷ
2198 4150 2349 4201 τῶν
2399 4143 2791 4220 μαθητῶν

452 4262 795 4343 ἐμφερὴς
855 4263 1361 4340 γενήσομαι;
1419 4297 1477 4304 ·—
1540 4262 1703 4325 licet
1766 4260 2084 4327 Socrates
2143 4263 2552 4342 respondeat
2614 4262 2817 4326 οῦδὲν

454 4383 696 4457 διοίσεις
770 4391 1218 4467 Χαιρεφῶντος
1302 4390 1441 4467 τὴν
1528 4387 1796 4465 φύσιν,
1874 4361 2108 4447 οτθᾶὶδ·
2167 4385 2464 4464 agricola
2539 4385 2794 4465 pallore

452 4513 661 4588 atque
724 4507 1123 4572 valetudine
1170 4524 1243 4571 se
1294 4506 1794 4589 Chaerephonti
1843 4507 2138 4572 similem
2187 4508 2530 4588 futurum,
2579 4507 2796 4572 excla-

455 4637 733 4713 matque
790 4635 956 4713 οἴμοι
1003 4633 1432 4712 κακοδαίμων,
1483 4637 1754 4713 ἡμιθνὴς
1800 4636 2136 4713 γενήσομαι
2184 4633 2295 4711 (Cf.
2345 4631 2416 4696 P.
2465 4631 2552 4711 II,
2602 4649 2658 4696 C.
2710 4631 2794 4714 II,

456 4758 492 4838 5
540 4760 600 4840 5,
649 4777 711 4840 p.
766 4759 937 4829 100).
