3478 5737
1882 574 1923 636 6

731 771 896 833 iiber
960 768 1068 832 die
1133 767 1574 847 Moglichkeit
1627 766 1917 830 anderer
1968 767 2104 830 und
2156 769 2457 831 besserer
2505 765 2851 830 Zustande
2900 769 3079 830 stets

729 894 842 958 ein
905 892 1269 974 Symptom
1333 892 1450 956 des
1511 891 2008 956 Fortschrittes
2058 940 2072 955 .
2124 941 2137 956 .
2190 940 2205 955 .
2289 891 2369 955 In
2432 892 2637 956 ihnen
2689 891 2884 955 stellt
2930 890 3074 955 sich

731 1017 1114 1098 gegenuber
1168 998 1292 1080 'der
1350 1016 1868 1097 gedankenlosen
1942 1015 2415 1097 meo'tterunq
2478 1017 2586 1081 des
2640 1015 3079 1081 Bestehenclen

732 1140 842 1204 die
890 1139 1318 1204 Erkenntnis
1365 1138 1506 1221 dar,
1555 1139 1716 1203 dasz
1764 1139 2073 1204 dasselbe
2122 1139 2291 1204 doch
2340 1140 2741 1205 wesentlich
2788 1141 2911 1204 mit
2958 1140 3078 1204 das

735 1263 952 1328 Werk
999 1262 1468 1327 wandelbarer
1517 1263 2015 1328 menschlicher
2065 1265 2492 1345 Anordnung
2538 1266 2693 1330 ist.'’

823 1387 1033 1452 Poeta
1101 1386 1314 1466 igitur
1375 1390 1628 1468 noster,
1692 1387 1752 1452 si
1814 1388 2249 1469 opinionibus
2306 1406 2386 1454 ac
2445 1391 2649 1454 rebus
2710 1379 2911 1454 novis
2970 1391 3077 1454 est

733 1511 1143 1594 adversatus
1187 1549 1250 1556 —
1293 1529 1465 1592 quae
1513 1512 1798 1592 vulgata
1836 1512 2019 1578 inter
2066 1511 2253 1577 viros
2308 1514 2545 1578 doctos
2590 1518 2697 1579 est
2728 1513 2955 1596 opinio
2999 1549 3079 1558 --

735 1637 1112 1700 secundum
1167 1635 1669 1701 Pohlmannum
1719 1653 1882 1715 prae
1906 1654 1979 1702 se
2012 1638 2147 1702 fert
2180 1638 2621 1719 quietistische
2650 1637 3079 1703 Besclzrc'inkt-

739 1760 870 1824 heit
914 1762 1123 1839 atque
1165 1743 1636 1841 'yedankenlose
1696 1759 2171 1842 Ver-qutterunq
2223 1763 2331 1826 des
2376 1760 2837 1826 Bestehcnden.

827 1884 972 1950 Hoc
1020 1884 1431 1949 Pohlmanni
1477 1884 1807 1949 iudicium
1856 1901 2177 1949 severum
2224 1901 2311 1950 ex
2358 1903 2423 1948 n.
2470 1901 2528 1948 0.
2576 1884 2827 1949 nititur
2878 1883 3083 1948 nimis

739 2008 918 2075 seria
974 2009 1346 2074 effectuum
1404 2009 1817 2073 comicorum
1880 2025 1961 2073 ac
2007 2009 2369 2090 praecipue
2418 2009 3078 2091 Aristophanearum

739 2133 1245 2198 comoediarum
1324 2133 1844 2214 aestimatione;
1923 2132 2020 2198 sic
2104 2133 2315 2198 nimis
2381 2133 2467 2198 iis
2535 2133 2712 2198 solet
2780 2135 3083 2200 tribuere

739 2257 817 2340 is,
883 2257 998 2338 qui
1062 2257 1445 2322 comoedias
1499 2274 1635 2322 non
1683 2260 2006 2339 spectans
2052 2259 2167 2322 sed
2216 2258 2451 2340 legens
2497 2259 2680 2323 iocos
2730 2261 2965 2340 poetae
3012 2258 3081 2322 in

739 2384 986 2448 seriam
1035 2383 1378 2462 convertit
1423 2382 1986 2465 disputationem,
2034 2387 2244 2463 atque
2291 2383 2568 2458 oblitus,
2614 2385 2952 2463 quantum
3000 2383 3084 2447 ab

739 2509 1338 2590 argumentatione
1385 2509 1732 2574 cavillatio
1782 2509 2011 2590 distet,
2059 2509 2285 2590 ipsum
2335 2511 2609 2589 poetam
2657 2508 2786 2573 sibi
2812 2508 3085 2572 videtur

741 2635 976 2700 audire
1044 2635 1537 2717 disputantem,
1607 2651 1765 2698 cum
1824 2637 2059 2698 tamen
2124 2637 2327 2716 poeta
2385 2634 2561 2698 nihil
2626 2634 2845 2714 magis
2906 2634 3083 2699 cordi

743 2759 1078 2842 habuerit,
1163 2776 1370 2839 quam
1455 2763 1534 2824 ut
1617 2761 2060 2841 spectatores,
2148 2776 2475 2840 personas
2558 2762 2837 2823 tantum
2916 2775 3085 2838 quas

743 2886 944 2951 finxit
1005 2886 1383 2968 audienteS,
1446 2886 1527 2950 de
1588 2885 1734 2967 ipso
1796 2883 2052 2949 comico
2110 2884 2393 2949 minime
2441 2888 2885 2964 quaererent:
2935 2900 3083 2947 eva-

744 3026 1018 3075 nescere
1085 3011 1272 3075 enim
1341 3010 1534 3091 cupit
1600 3013 1803 3092 poeta
1872 3012 2228 3089 tamquam
2298 3010 2703 3073 obscuratus
2769 3010 2857 3073 ab
2902 3008 3085 3089 'ipsis

745 3134 1080 3200 dramatis
1125 3134 1453 3216 personis,

835 3261 1126 3325 Multum
1197 3261 1395 3324 abest
1442 3263 1521 3324 ut
1567 3258 1755 3323 solus
1800 3257 2272 3322 Pohlmannus
2318 3259 2443 3321 hoc
2492 3256 2621 3321 sibi
2672 3257 3087 3338 persuaserit

748 3372 1282 3465 Aristophanem
1367 3383 1736 3449 comoediis
1821 3382 1966 3447 suis
2050 3381 2489 3446 adversatum
2569 3399 2719 3446 esse
2782 3382 3087 3446 civitatis

747 3508 1182 3573 innovandae
1242 3506 1491 3571 studi0.
1587 3506 1971 3571 Audiamus
2033 3504 2567 3571 DnsoHANnan
2628 3482 2923 3583 (Etudes'
2968 3522 3086 3569 0111·

750 3632 1235 3713 Aristophane,
1285 3631 1566 3695 Parisiis
1617 3632 1808 3713 1867,
1858 3648 2005 3712 pag.
2045 3631 2168 3694 105
2195 3615 2395 3710 sqq.'):
2428 3631 2654 3715 „Dans
2688 3634 2868 3696 cette
2900 3630 3087 3712 piece

749 3762 866 3833 (00.
915 3757 984 3820 in
1035 3756 1369 3834 Nubibus)
1419 3756 1902 3837 Aristophane,
1952 3756 2258 3835 emporte
2306 3772 2429 3835 par
2474 3754 2541 3819 la
2586 3772 2754 3836 peur
2778 3754 2899 3819 des
2926 3771 3088 3819 nou-

750 3878 964 3943 velles
1011 3878 1216 3959 idees,
1263 3877 1600 3943 calomnie
1648 3878 1798 3943 leur
1845 3881 2323 3960 representant
2370 3879 2431 3943 10
2464 3879 2620 3959 111110
2652 3879 2942 3943 illustre.
2978 3924 2993 3939 .
3024 3924 3088 3943 ..

751 4002 853 4066 On
902 4002 1050 4066 voit
1094 4001 1162 4066 la
1206 4018 1300 4064 un
1347 4001 1564 4083 esprit
1610 4003 1809 4067 affole
1857 4020 1979 4083 par
2025 4004 2092 4069 la
2140 4003 2421 4087 crainte,
2457 4020 2720 4069 comme
2752 4004 3091 4069 certaines

751 4143 919 4207 gens
979 4127 1485 4207 qu'epouvante
1547 4127 1980 4209 aujourd'hui
2045 4128 2108 4192 le
2172 4144 2330 4192 nom
2394 4129 2541 4193 seul
2604 4128 2686 4193 de
2730 4130 3091 4194 sociali-ame

751 4253 823 4314 et
899 4249 1038 4331 qui,
1109 4249 1171 4314 le
1239 4250 1393 4331 plus
1461 4251 1998 4316 naturellement
2066 4252 2155 4315 du
2226 4252 2490 4335 monde,
2562 4252 2978 4317 calomnient
3021 4256 3094 4317 et

751 4376 1072 4455 frappent
1133 4374 1320 4437 leurs
1380 4374 1810 4441 adversaires
1871 4394 2031 4441 sans
2076 4376 2178 4441 les
2224 4376 2688 4458 comprendre,
2738 4394 2900 4441 sans
2944 4377 3093 4441 leur

753 4500 1129 4579 permettre
1194 4501 1418 4563 meme
1482 4498 1563 4564 de
1632 4500 1873 4565 definir
1942 4518 2016 4565 ce
2085 4516 2265 4565 nom.
2358 4500 2453 4565 lls
2520 4518 2593 4565 se
2662 4501 2968 4565 donnent
3029 4500 3091 4566 le

754 4622 920 4686 titre
979 4622 1062 4687 de
1121 4626 1643 4688 conservateurs
1703 4626 1775 4688 et
1836 4622 2227 4705 perdraien't
2290 4629 2460 4707 tout,
2523 4626 2582 4689 si
2632 4625 2778 4690 leur
2824 4624 3089 4690 dessein

757 4745 1169 4810 reussissait.
1263 4746 1357 4812 Ils
1417 4764 1489 4813 se
1545 4747 1913 4813 roidissent
1958 4751 2030 4815 et
2074 4765 2148 4813 se
2194 4750 2475 4815 sachent
2521 4754 2757 4815 contre
2801 4750 2865 4814 10
2912 4766 3091 4815 mou·
