3478 5737
1799 579 1883 641 62

755 773 936 853 Quas
981 772 1194 852 igitur
1239 772 1815 837 contradictiones
1853 772 2158 836 Kockius
2197 771 2397 852 vidit,
2430 787 2551 836 eae
2582 775 3012 836 evanescunt

666 903 1020 976 tamquam
1060 897 1257 961 nives
1303 913 1464 978 prae
1510 895 1674 961 solis
1721 896 1951 977 radiiS,
2002 899 2081 960 ut
2127 895 2300 960 nihil
2346 897 2594 977 obstet,
2644 897 3011 974 quominus

665 1036 934 1100 quoque
983 1020 1106 1083 hac
1152 1020 1235 1084 de
1281 1036 1353 1084 re
1401 1019 1625 1084 securi
1672 1036 1795 1100 pro
1828 1022 2011 1083 certo
2044 1019 2441 1098 habeamuS,
2473 1021 2777 1084 nostrum
2809 1022 3009 1084 certa-

662 1163 809 1208 men
845 1144 1184 1225 aptissime
1215 1143 1553 1208 cohaerere
1584 1161 1732 1207 cum
1770 1144 1973 1208 toti-us
2004 1143 2276 1224 fabulae
2306 1143 2593 1208 consilio,
2644 1142 3003 1206 Certamen

665 1270 982 1332 nostrum
1042 1266 1213 1331 nihil
1275 1265 1458 1331 aliud
1517 1270 1626 1332 est
1674 1267 1809 1332 nisi
1855 1265 2237 1348 disputatio
2286 1267 2367 1330 de
2414 1266 2677 1348 optima
2726 1266 3003 1332 vivendi

668 1391 950 1472 ratione,
1034 1407 1168 1455 non
1255 1393 1336 1456 ut
1417 1391 1668 1456 cotidie
1752 1391 1823 1456 in
1892 1393 2346 1476 φροντιστηρίῳ
2418 1391 2817 1470 habebatur,
2890 1390 3005 1454 sed

667 1514 923 1578 comico
981 1531 1168 1578 more
1215 1515 1449 1596 inepte
1497 1519 1567 1579 et
1613 1515 1832 1579 stulte
1879 1534 1920 1580 a
1966 1519 2170 1598 poeta
2215 1515 2719 1598 spectatoribus
2764 1515 3013 1579 oblata.

667 1637 788 1703 Vs,
841 1638 966 1702 110
1005 1655 1148 1719 sqq.
1186 1638 1575 1725 luculenter
1613 1638 1927 1703 indicant
1965 1640 2135 1704 duos
2172 1639 2608 1720 disputantes
2643 1634 2803 1702 εἶναι
2836 1643 3009 1721 παρὰ

670 1777 799 1836 τοῖς
859 1762 1236 1845 φιλοσόφοις.
1297 1763 1496 1842 (Vide
1561 1763 1738 1828 infra
1801 1767 1837 1840 ἓ
1906 1765 2031 1844 10).
2117 1764 2260 1844 Quo
2323 1763 2607 1828 consilio
2667 1765 3011 1846 specimen

671 1889 876 1953 detur
934 1887 1422 1968 altercationiS,
1486 1885 1763 1950 disertis
1826 1887 2057 1952 verbis
2118 1904 2243 1951 nos
2302 1886 2551 1952 docent
2598 1905 2838 1952 versus
2884 1888 3007 1952 937

673 2030 809 2092 Sq.:
859 2010 1030 2086 ὅπως
1077 2015 1156 2076 ἂν
1206 2015 1500 2085 ἀκούσας.
1529 2057 1542 2072 .
1573 2058 1586 2074 .
1637 2025 1823 2097 φοιτᾷ
1870 2019 1987 2090 (SC.
2035 2011 2386 2086 novicius).

759 2213 794 2284 ἕ
845 2209 906 2273 5.
954 2209 1020 2273 S.
1073 2209 1154 2273 A.
1205 2209 1532 2274 NAssnnus
1551 2208 1598 2288 1)
1646 2247 1706 2253 —
1750 2209 2073 2290 opinatus
2128 2211 2651 2292 „rectractatam
2687 2207 3011 2288 fabulam,

669 2350 843 2412 quae
904 2350 1284 2412 numquam
1345 2350 1587 2397 scenae
1643 2333 2009 2397 commissa
2054 2332 2166 2415 sit,
2215 2331 2411 2396 nobis
2458 2349 2834 2413 superesse,
2893 2347 3015 2395 nec

670 2457 979 2537 potuisse
1015 2456 1182 2522 adeo
1213 2458 1679 2539 imperfectum
1709 2475 1873 2538 opus
1906 2455 2361 2521 histrionibus
2388 2456 2565 2520 tradi
2606 2460 2687 2520 ut
2708 2459 3011 2536 agerent,

669 2597 827 2644 cum
897 2583 1178 2645 suturae
1247 2581 1497 2661 ubique
1567 2581 1920 2661 perspicue
1988 2581 2409 2662 appareant”
2456 2578 2506 2658 2)
2584 2617 2644 2626 -
2724 2579 3015 2659 conjecit

677 2704 938 2768 tertiam
985 2705 1291 2770 fabulam
1343 2707 1653 2770 lectorum
1697 2706 1771 2770 in
1816 2706 2111 2786 qratiam
2134 2702 2186 2780 3)
2233 2722 2321 2769 ex
2371 2704 2711 2785 prioribus
2756 2707 2828 2768 et
2874 2720 3013 2785 pos-

671 2828 1036 2893 terioribus
1082 2829 1394 2895 Nubibus
1439 2847 1480 2894 a
1526 2829 1821 2911 quodam
1870 2845 2020 2893 esse
2066 2827 2605 2894 contaminatam
2655 2828 2828 2893 brevi
2867 2831 3016 2909 post

673 2954 1143 3035 Aristophanis
1205 2958 1499 3019 mortem.
1543 2954 1596 3031 4)
1682 2954 1867 3035 Quae
1928 2954 2139 3019 tertia
2202 2954 2434 3018 fabula
2502 2953 2820 3037 „tandem
2870 2951 3014 3016 sola

753 3199 803 3273 l)
845 3196 920 3255 cf.
963 3198 1357 3277 Mnemosyne
1403 3199 1573 3275 1883,
1617 3219 1757 3276 pag.
1804 3200 1938 3276 306,
1982 3200 2117 3259 308.

752 3296 803 3369 2)
859 3295 1155 3355 Convenit
1206 3295 1318 3354 hac
1375 3297 1436 3353 in
1491 3316 1556 3355 re
1607 3298 1725 3357 viri
1767 3297 2084 3356 clarissimi
2126 3296 2415 3355 iudicium
2459 3316 2595 3355 cum
2638 3295 3014 3375 opinionibus

675 3393 1080 3451 anwrmoms
1123 3392 1390 3471 (Unters.
1413 3402 1471 3451 il.
1511 3393 1569 3451 d.
1596 3394 1837 3452 Griech.
1866 3394 2096 3453 Drama
2126 3395 2297 3469 1871,
2328 3392 2361 3451 Ι
2386 3414 2525 3471 pag.
2550 3395 2668 3469 92),
2692 3393 2761 3452 F.
2786 3394 3015 3452 Biicme-

673 3509 802 3547 mem
855 3489 1088 3564 (Jahrb.
1148 3489 1191 3549 f.
1243 3491 1459 3551 Philol.
1503 3492 1581 3550 83
1623 3512 1682 3569 p.
1726 3492 1843 3551 683
1886 3492 2015 3569 sq.),
2060 3490 2166 3551 ΤΗ.
2208 3491 2421 3549 Kocxu
2460 3490 2669 3569 (praef.
2716 3490 2874 3549 Nub.
2919 3490 3011 3549 ed.

676 3587 716 3665 ξ
759 3587 878 3666 49).

753 3685 804 3760 3)
857 3685 1215 3745 Lectoribus
1269 3687 1634 3745 destinatam
1691 3706 1823 3745 esse
1874 3687 2202 3746 editionem
2245 3707 2398 3763 quae
2440 3687 2704 3764 supersit
2746 3686 3017 3745 iudicant

677 3802 912 3859 quoque
953 3783 1160 3841 Rmsm
1201 3782 1320 3862 (ed.
1365 3784 1397 3842 I
1439 3783 1626 3862 praef.
1671 3806 1728 3862 p.
1773 3784 1906 3860 IV),
1949 3785 2157 3843 Rarum
2199 3784 2301 3859 (de
2330 3785 2457 3845 vita
2493 3784 2598 3842 Ar.
2630 3805 2687 3862 p.
2721 3782 3015 3860 CCXGI),

677 3880 846 3938 Bana
892 3879 1120 3959 (Ueber
1173 3881 1274 3940 die
1327 3882 1478 3941 Zahl
1532 3882 1643 3959 der
1699 3882 2119 3960 Schauspieler
2172 3880 2273 3941 bei
2326 3882 2513 3940 Arist.
2572 3902 2627 3959 p.
2689 3883 2800 3939 127
2843 3880 3017 3959 sqq.),

677 3977 751 4036 G.
795 3976 1090 4037 Hmumm
1131 3979 1216 4053 (in
1255 3978 1433 4037 huius
1477 3979 1698 4057 disput.
1744 3980 2092 4039 recensione
2127 3999 2183 4056 p.
2222 3980 2339 4056 76),
2362 3978 2671 4049 ‚Gemma
2696 3978 2929 4053 (Ueber
2955 3978 3013 4037 d.

673 4074 927 4132 Redact.
985 4074 1096 4133 der
1137 4075 1416 4154 ‘Wolken
1459 4076 1518 4135 d.
1561 4076 1657 4152 A.,
1699 4076 1985 4135 Berichte
2026 4074 2136 4135 der
2178 4076 2381 4134 Sachs.
2426 4076 2567 4134 Ges,
2612 4074 2670 4135 d.
2713 4076 2815 4135 W.
2864 4076 3015 4135 1856

675 4191 732 4248 p.
794 4172 906 4247 19),
962 4170 1190 4229 Bri-‘raa
1241 4172 1480 4247 (Philol.
1543 4175 1694 4232 1876
1750 4195 1808 4251 p.
1852 4174 1994 4251 458)
2038 4178 2100 4231 et
2140 4180 2509 4251 postremum
2550 4172 2681 4233 Vm
2722 4174 3015 4232 Lnauwnx

678 4266 860 4345 (Nub.
905 4268 1048 4326 edit.
1093 4270 1322 4346 proleg.
1365 4291 1422 4348 p.
1465 4271 1617 4341 VII)
1660 4278 1722 4331 et
1762 4272 2065 4330 Humanas
2107 4282 2187 4348 (p.
2230 4272 2309 4347 6).

757 4367 808 4439 4)
871 4364 1173 4425 Brentano
1235 4366 1592 4445 Byzantinis
1647 4368 2018 4447 temporibus
2074 4388 2149 4427 ex
2202 4368 2439 4427 duabus
2494 4366 2721 4427 fabulis
2776 4368 3014 4427 tertiam

679 4482 714 4521 a
755 4462 1015 4537 quodam
1058 4482 1192 4522 esse
1234 4463 1550 4525 conflatam
1589 4467 1843 4543 censuit,
1874 4485 2051 4541 quem
2081 4472 2282 4525 vocat:
2320 4466 2455 4539 „ein
2476 4464 3013 4541 Nichtswiilfflger,

675 4560 934 4618 welcher
1002 4562 1116 4618 mit
1182 4562 1365 4620 kaltf’r
1439 4564 1833 4635 Teutas-faust
1895 4563 2038 4639 jene
2107 4561 2553 4621 unsterblichen
2609 4560 3014 4620 Kunstwerke

675 4656 784 4714 des
857 4657 1274 4731 griechischen
1335 4660 1622 4720 Dichters
1683 4666 2157 4736 zertriimmerte,
2222 4680 2325 4718 um
2386 4660 2665 4718 Material
2728 4658 2827 4717 fiir
2886 4660 3013 4717 sein

676 4754 893 4811 elentles
935 4756 1263 4813 Mctelen·erk
1303 4778 1378 4814 zu
1419 4760 1757 4834 gewinnen.
1782 4759 1885 4833 (!)'’
