3478 5737
1862 590 1983 654 152

753 784 1042 851 facetias
1116 785 1310 850 humi
1392 788 1710 866 repentes
1789 783 2301 866 intellegendas,
2382 784 2545 864 quin
2631 784 2845 850 etiam
2926 784 3099 849 risui

755 910 1050 975 innocuo
1112 925 1312 990 saepe
1374 911 1542 972 sunt
1602 906 2115 991 impedimenta
2188 908 2405 995 Tanto
2454 907 2637 973 enim
2685 907 2914 973 studio
2964 907 3100 971 viri

757 1034 1008 1100 eruditi
1067 1033 1266 1098 nobis
1324 1032 1688 1098 obtrudere
1723 1028 1957 1112 'atque
2018 1030 2362 1096 inculcare
2408 1048 2544 1096 non
2591 1032 2919 1097 desinunt
2962 1032 3099 1114 opi·

759 1159 1052 1241 nionem,
1101 1159 1637 1240 Aristophanem
1670 1158 1903 1222 studia
1936 1158 2140 1221 utilia
2171 1174 2291 1237 per
2322 1156 2696 1226 ludibrium
2730 1156 3102 1239 vertisse,1)

759 1284 867 1349 cui
913 1282 1216 1365 opinioni
1264 1281 1380 1363 qui
1426 1298 1628 1347 aures
1674 1283 1975 1364 praebet,
2026 1281 2237 1345 nimis
2282 1282 2362 1345 fit
2398 1298 2684 1347 severus
2719 1282 2791 1345 in
2824 1284 3097 1362 poetam

758 1408 968 1472 iudex
1014 1423 1224 1486 quam
1271 1408 1350 1471 ut
1394 1405 1747 1471 cachinnis
1792 1405 2013 1487 possit
2057 1405 2425 1485 indulgere.

845 1530 944 1597 Ut
987 1547 1075 1595 ex
1126 1546 1533 1610 unaquaque
1580 1546 1826 1595 scaena
1871 1532 2176 1612 apparet,
2227 1546 2499 1595 summo
2532 1528 2761 1594 studio
2792 1528 3103 1611 depingit

756 1657 959 1737 poeta
1005 1654 1422 1735 Strepsiadis
1466 1654 1857 1735 imaginem,
1907 1653 2004 1718 sic
2052 1658 2132 1717 ut
2180 1653 2549 1718 histriones
2585 1654 2794 1718 huius
2824 1656 3104 1718 tantum

757 1781 989 1860 partes
1055 1778 1336 1843 duxisse
1405 1782 1668 1845 certum
1736 1779 2048 1859 habeam,
2114 1794 2285 1857 quas
2346 1777 2717 1842 vernaculo
2788 1792 3107 1841 sermone

759 1919 1118 1968 vocamus:
1205 1920 1314 1968 een
1395 1902 1728 1967 dankbare
1808 1902 1932 1983 rol,
2010 1880 2229 1965 latine
2311 1902 2485 1965 fere:
2568 1904 2801 1983 partes
2872 1902 3107 1980 gratas

759 2028 1230 2108 acceptasque.
1315 2024 1618 2090 Socratis
1693 2028 1931 2089 contra
1997 2024 2295 2105 effigiem
2364 2024 2560 2104 quasi
2628 2038 2740 2088 τοῦ
2809 2024 3109 2109 τυχόντος

761 2224 1185 2285 ausdriicklich
1240 2225 1512 2285 erwahnt
1561 2226 1716 2284 wird
1756 2226 1937 2301 (Plat.
1982 2226 2230 2301 Protag.
2271 2225 2391 2283 318
2431 2224 2569 2290 DlJ’
2634 2226 2783 2283 Post
2824 2242 2912 2301 ea,
2956 2244 3111 2300 quae

763 2326 880 2383 iam
937 2324 1219 2401 diximus,
1276 2324 1454 2383 huius
1510 2324 1806 2401 opinionis
1864 2320 2228 2382 refutatione
2284 2342 2433 2400 opus
2490 2343 2610 2381 non
2659 2323 2793 2381 erit.
2858 2322 2976 2381 Ad.
3020 2342 3109 2381 vs.

761 2423 878 2481 666
922 2424 1357 2500 ἀλεκτρύαιναν
1399 2426 1565 2481 recte
1607 2421 1921 2480 annotavit
1963 2422 2391 2479 Leeuwenius:
2442 2440 2691 2489 „novam
2719 2420 2875 2479 hanc
2900 2438 3113 2478 vocem

763 2538 798 2579 e
837 2520 1207 2597 Protagorae
1250 2518 1775 2595 disquisitionibus
1810 2518 1888 2578 de
1917 2520 2225 2577 nominum
2253 2517 2581 2595 generibus
2609 2518 2947 2577 desumtam
2978 2536 3115 2577 esse

763 2638 977 2695 parum
1015 2615 1348 2695 probabilis
1389 2621 1483 2675 est
1524 2616 1749 2675 Kockii
1792 2616 2114 2694 suspicio.''

841 2716 893 2791 1)
933 2714 1321 2791 Quantopere
1362 2716 1478 2773 viri
1523 2714 1687 2773 docti
1728 2714 2008 2773 oblivisci
2050 2715 2285 2773 soleant
2326 2715 2389 2773 in
2434 2714 2743 2773 comoedia
2784 2714 2906 2773 vim
2936 2714 3116 2773 comi·

765 2834 894 2874 cam
937 2831 1071 2872 esse
1113 2817 1294 2892 caput
1335 2813 1440 2889 rei,
1484 2811 1754 2872 ostendit
1796 2832 1846 2872 e.
1890 2833 1982 2890 gr.
2028 2810 2333 2872 Brentano
2378 2813 2481 2888 qui
2522 2816 2700 2891 putat
2742 2832 2815 2872 ex
2856 2832 2927 2872 eo
2971 2830 3118 2888 quo-

767 2930 885 2988 que
937 2929 1222 2989 apparere
1278 2908 1548 2970 Nubium
1601 2908 1871 2970 fabulam
1914 2929 1989 2969 ex
2029 2908 2267 2970 duabus
2308 2909 2533 2970 fabulis
2575 2929 2709 2970 esse
2750 2910 3117 2970 contamina-

767 3015 910 3084 tam,
967 3007 1127 3083 quod
1181 3028 1299 3067 non
1356 3006 1633 3067 Socrates
1684 3009 1795 3066 sed
1835 3008 2202 3085 Protagoras
2243 3007 2459 3068 docere
2499 3005 2897 3086 profitebatur
2935 3008 3119 3067 disci-

766 3107 976 3185 pulum
1030 3112 1158 3184 περὶ
1214 3104 1275 3162 οὗ
1333 3105 1458 3180 ἣκει
1511 3105 1671 3184 (pag.
1717 3107 1813 3183 72,
1856 3112 2002 3166 nota
2046 3109 2128 3170 1);
2177 3106 2305 3179 „Zu
2344 3105 2641 3166 beachten
2682 3107 2765 3164 ist
2806 3105 3119 3183 iibrigenS,

768 3204 908 3263 dass
969 3204 1052 3261 im
1113 3205 1402 3262 weiteren
1455 3203 1715 3264 Verlauf
1766 3204 1969 3263 dieser
2024 3205 2215 3264 Stelle
2266 3205 2423 3281 (vult
2483 3205 2731 3282 Protag.
2776 3205 2896 3262 318
2936 3205 2998 3261 D
3042 3204 3122 3279 E)

769 3303 1134 3379 Protagoras
1172 3299 1568 3360 hervorhebt:
1613 3305 1773 3378 παραὶ
1816 3300 1972 3379 δ’έμὲ
2018 3303 2371 3380 ἀφικόμενος
2413 3300 2765 3379 μαθήσεται
2822 3302 2897 3357 οὐ
2940 3306 3117 3380 περὶ

771 3402 1014 3458 ἄλλον
1057 3417 1186 3456 του
1229 3396 1263 3474 ἢ
1308 3405 1474 3476 περὶ
1518 3395 1593 3454 οὗ
1637 3398 1827 3472 ἥκει.
1875 3401 2032 3456 τὸδὲ
2063 3397 2325 3478 μάθημα
2356 3403 2533 3457 ἐστιν.
2566 3400 2915 3468 εὐβουλία
2960 3403 3122 3476 περὶ

773 3515 854 3556 τε
937 3495 1082 3552 τῶν
1165 3500 1497 3560 οἱκεὶων,
1587 3495 1775 3561 ὅπως
1819 3497 1903 3553 ἄν
1985 3499 2272 3574 ἄριστα
2357 3498 2494 3572 τὴν
2564 3499 2801 3554 αὐτοῦ
2866 3501 3123 3554 οἰκίαν

773 3604 1059 3658 διοικοῖ
1104 3608 1202 3658 καὶ
1258 3607 1388 3680 περὶ
1443 3603 1559 3659 τῶν
1606 3609 1712 3676 τῆς
1757 3603 1977 3667 πόλεως
2022 3609 2161 3660 κτλ.
2227 3603 2380 3661 Hier
2421 3611 2581 3662 ware
2627 3602 3013 3681 Strepsiades
3055 3603 3123 3661 Ι]

773 3697 1067 3758 demnaoh
1129 3719 1236 3758 vor
1297 3699 1398 3757 die
1459 3699 1665 3758 recht-e
1727 3699 2046 3758 Schmiede
2108 3699 2527 3775 gekommen.’'
2612 3701 2732 3760 Per
2791 3721 2857 3760 se
2918 3707 3126 3759 tamen

775 3796 1152 3873 intellegitur
1191 3803 1430 3874 poetam
1471 3795 1616 3855 data
1656 3817 1838 3874 opera
1880 3797 2188 3856 Socratem
2231 3797 2448 3857 fecisse
2486 3797 2789 3857 dicentem
2816 3798 2893 3857 de
2914 3799 3129 3856 multis

778 3893 976 3970 rebuS,
1018 3892 1236 3968 quibus
1276 3913 1653 3969 nequaquam
1694 3913 1844 3972 opus
1886 3899 1984 3952 est
2024 3895 2267 3954 rustico.
2348 3895 2449 3954 Sic
2489 3895 2649 3954 enirn
2691 3895 2897 3954 reddit
2935 3895 3129 3973 philo-

778 3990 1001 4068 sophus
1055 3991 1348 4050 rusticum
1403 3989 1480 4050 ob
1533 3991 1973 4068 impatientiam
2016 3991 2421 4069 trepidantem
2464 3997 2646 4068 atque
2686 3993 3131 4070 desperationis

779 4089 1041 4166 plenum,
1107 4101 1286 4164 quae·
1319 4087 1454 4164 viri,
1520 4088 1805 4148 utilitatis
1866 4108 2013 4148 suae
2076 4095 2389 4167 tantopere
2451 4089 2661 4167 cupidi
2722 4089 3131 4164 fraudumque

781 4185 1057 4262 studiosi,
1101 4185 1370 4244 condicio
1409 4186 1678 4244 suaviter
1714 4183 1905 4244 afficit
1931 4191 2317 4263 spectatores
2363 4187 2429 4246 Si
2460 4187 2858 4264 Protagoram
2884 4185 3132 4246 habuis-

783 4289 880 4342 set
933 4284 1291 4360 magistrum
1345 4301 1540 4358 neque
1595 4283 1812 4342 doctus
1871 4290 2031 4342 esset
2074 4289 2201 4361 περὶ
2264 4286 2453 4340 ἄλλου
2499 4303 2599 4341 του
2646 4283 2677 4360 ἢ
2722 4290 2849 4362 περὶ
2891 4282 2953 4341 οὗ
2996 4283 3130 4360 ἧκε,

785 4387 930 4440 tunc
978 4380 1457 4440 desideraremus
1499 4381 1781 4438 nimirum
1821 4381 1999 4440 hasce
2040 4400 2287 4440 scaenas
2326 4380 2767 4458 festivissimae,
2798 4382 2895 4441 vel
2924 4383 3135 4459 potius

785 4483 976 4537 totam
1036 4477 1320 4537 fabulam.
1385 4479 1749 4555 Protagoras
1790 4480 1968 4556 enim,
2014 4480 2207 4556 ipsum
2248 4499 2424 4538 usum
2469 4479 2709 4556 docens,
2750 4468 3137 4557 paucissimis

787 4575 992 4635 verbis
1053 4575 1294 4635 erudire
1353 4577 1652 4653 potuisset
1711 4577 2037 4634 rusticum:
2107 4576 2367 4650 „infitias
2432 4579 2535 4654 ire,
2600 4579 2886 4654 peierare,
2950 4579 3135 4636 ianua

791 4673 1053 4750 abigere,
1097 4692 1174 4731 en
1216 4675 1348 4748 tria,
1392 4673 1611 4748 quibus
1654 4679 1715 4732 te
1758 4655 2050 4732 defendas
2092 4679 2298 4733 contra
2339 4675 2724 4734 creditores’'
2778 4673 2966 4749 Quasi
3012 4676 3137 4734 tale

790 4769 1051 4848 μάθημα
1093 4772 1174 4830 sit
1215 4772 1519 4838 εὐβουλία
1563 4777 1688 4846 περὶ
1734 4771 1852 4828 τῶν
1895 4770 2142 4832 οἱκεὶωνῑ
