3478 5737
1433 622 1558 684 139

419 814 761 881 Alluditur
803 832 846 880 a
892 818 1127 879 nostro
1173 814 1429 879 comico
1475 813 1558 879 ad
1608 814 1781 880 talia
1828 816 2181 882 Ranarum
2229 818 2466 883 initio:

831 940 987 1003 εἴπω
1033 965 1091 1002 τι
1141 950 1266 1003 τῶν
1315 940 1656 1017 εἰωθότων,
1702 936 1755 1001 ὦ
1802 940 2097 1017 δέσποτα,

837 1064 930 1147 ἐφ’
979 1062 1070 1138 οἷς
1117 1068 1238 1127 ἀεὶ
1303 1064 1648 1143 γελῶσιν
1697 1070 1757 1129 οἱ
1806 1070 2145 1147 effluam,-

417 1188 604 1253 Licet
645 1190 1038 1255 huiusmodi
1079 1190 1337 1265 εὐτελῶς
1377 1188 1788 1271 πεπλασμένα
1828 1191 2275 1273 Aristophani
2314 1208 2442 1257 non
2475 1191 2671 1255 valde

335 1308 728 1393 placuerint,
775 1316 1013 1378 tamen
1061 1313 1263 1379 facile
1309 1317 1417 1379 est
1465 1313 1831 1379 intellectu
1880 1330 2039 1379 eum
2080 1329 2281 1395 saepe
2322 1314 2449 1377 hac
2489 1313 2559 1376 in
2602 1330 2673 1377 re

333 1450 472 1497 sese
545 1436 1058 1502 accommodare
1133 1436 1450 1503 debuisse
1525 1436 1608 1501 ad
1689 1436 2163 1502 multitudinis
2232 1436 2669 1501 voluntatem

331 1558 432 1633 (cf.
495 1562 809 1623 nostram
871 1560 952 1625 de
1019 1562 1378 1641 utriusque
1441 1560 1633 1640 λόγου
1697 1562 2077 1627 certamine
2132 1559 2671 1643 disputationem

331 1697 468 1763 cap.
541 1682 591 1764 1,
664 1688 700 1759 5
769 1684 830 1765 2,
903 1702 967 1765 p.
1033 1687 1164 1759 31).
1258 1684 1446 1751 Satis
1516 1689 1700 1751 recte
1772 1685 1981 1766 igitur
2054 1684 2361 1749 Kockius
2422 1684 2506 1749 ad
2570 1702 2674 1747 vs.

333 1805 489 1871 538:
565 1806 740 1889 „Der
807 1808 1088 1873 Dichter
1157 1810 1374 1874 tadelt
1436 1810 1632 1875 nicht
1675 1810 1799 1873 das
1844 1808 2311 1873 Vorkommen
2358 1808 2482 1872 der
2530 1809 2677 1872 hier

334 1934 718 2007 genannten
771 1930 1022 2012 Spasse
1067 1932 1483 2015 uberhaupt;
1527 1950 1603 1998 er
1649 1936 1914 1997 musste
1962 1935 2157 1997 sonst
2202 1934 2371 1997 seina
2418 1928 2675 1996 Stucke

335 2052 708 2131 gleichfalls
770 2056 1188 2132 verwerfen;
1257 2056 1547 2121 sondern
1615 2057 1777 2121 dass
1842 2055 2018 2121 viele
2082 2054 2417 2119 Komiker
2462 2054 2679 2118 durch

335 2176 757 2257 dergieichen
839 2180 1182 2245 wohlfeile
1265 2180 1560 2245 Einfalle
1641 2180 1771 2245 den
1852 2179 2120 2259 Mangel
2194 2196 2281 2243 an
2362 2178 2679 2244 tieferem

336 2300 582 2367 Gebalt
653 2302 790 2367 und
857 2320 944 2369 an
1019 2304 1286 2369 wahrer
1349 2304 1582 2369 Kunst
1645 2322 1728 2369 zu
1792 2303 2175 2368 verdecken
2230 2302 2489 2367 suchen
2542 2302 2677 2366 und

336 2425 632 2490 dadurch
686 2416 835 2509 flas,
899 2444 1044 2493 was
1105 2429 1210 2493 als
1269 2429 1536 2510 Zuqabe
1575 2428 1875 2509 zulassig
1921 2427 2036 2509 ist,
2086 2444 2209 2531 zur
2254 2426 2683 2509 Hauptsache

336 2552 688 2615 machen.'’
715 2550 764 2631 1)

407 2836 454 2912 l)
495 2835 716 2913 Inepta
777 2852 912 2896 esse
973 2855 1124 2913 quae
1187 2837 1266 2896 ad
1307 2856 1396 2896 νε.
1442 2836 1558 2894 542
1602 2833 1881 2914 perhibet
1922 2834 2209 2909 scholion,
2256 2832 2418 2910 quod
2461 2852 2605 2892 sane
2650 2854 2685 2892 a

333 2933 534 2992 codice
573 2933 931 2992 Ravennate
959 2953 1146 3009 aeque
1173 2939 1356 3009 atque
1384 2953 1420 2992 a
1447 2933 1682 2993 Veneto
1711 2931 1905 2995 abest.
1937 2933 2073 3008 quis
2102 2952 2223 2990 non
2251 2931 2453 2990 videt:
2484 2937 2683 2988 ἰστέον

333 3033 392 3088 δὲ
455 3031 543 3088 ὅτι
603 3035 802 3088 πάντα
857 3032 968 3088 ὅσα
1025 3032 1096 3088 ἂν
1154 3037 1334 3106 λέγῃ,
1393 3037 1498 3096 εἰς
1555 3033 1831 3088 ἑαυτὸν
1890 3035 2153 3088 τείνει.
2220 3032 2353 3095 τοὺς
2408 3037 2516 3106 μὲν
2562 3049 2685 3107 γαρ

338 3141 628 3213 <Diam-at,-
690 3141 1025 3212 εισήγαγεν
1089 3140 1149 3195 ἐν
1215 3142 1294 3212 τῇ
1357 3141 1780 3216 Λυσιστράτῃ,
1842 3141 1941 3193 τὸν
1997 3138 2059 3194 δὲ
2122 3138 2382 3214 κόρδακα
2440 3139 2501 3192 ἐν
2558 3141 2685 3200 τοῖς

339 3237 568 3310 Σφηξὶ,
617 3243 749 3299 τοὺς
791 3235 854 3292 δὲ
899 3235 1250 3313 Φαλακροῡς
1293 3238 1354 3291 ἐν
1401 3238 1642 3312 Εἰρήνῃ,
1690 3244 1790 3290 τὸν
1834 3235 1897 3290 δὲ
1940 3235 2291 3312 πρεσβύτην
2321 3236 2383 3290 έν
2419 3232 2468 3286 '‘(
2486 3241 2682 3311 )pveo·1,

341 3338 444 3398 τὰς
487 3333 550 3388 δὲ
595 3333 782 3400 δᾷδας
823 3337 921 3388 καὶ
968 3333 1034 3388 τὸ
1073 3338 1158 3389 ἰοὺ
1199 3337 1282 3390 101>
1325 3335 1385 3389 ἐν
1431 3333 1743 3410 Νεφέλαις
1788 3335 1854 3388 τὸ
1898 3338 2147 3409 πρῶτον.
2194 3329 2431 3389 Idcirco
2472 3349 2683 3389 verum

337 3447 466 3488 esse
509 3448 632 3488 non
671 3434 892 3506 potest,
936 3429 1098 3504 quod
1139 3429 1490 3488 scholiastes
1532 3427 1909 3488 umbraticus
1950 3429 2281 3503 annotavit,
2326 3428 2467 3504 quia
2509 3447 2560 3486 6.
2592 3449 2683 3505 gr.

337 3527 716 3604 Lysistratae
755 3525 980 3604 fabula,
1025 3547 1202 3602 quam
1248 3529 1532 3602 nominat,
1577 3525 1644 3584 a⁰
1683 3528 1800 3584 411
1846 3526 2087 3584 demum
2129 3531 2225 3584 est
2262 3531 2415 3600 acta⁷
2446 3530 2687 3582 nostrae

339 3629 538 3684 autem
581 3622 823 3682 fabulae
867 3623 1187 3683 Parabasis
1231 3623 1296 3682 a⁰
1338 3627 1456 3683 420
1495 3623 1626 3683 fere
1669 3625 1761 3682 vel
1808 3624 1986 3702 paulo
2030 3630 2166 3700 post
2195 3645 2229 3680 a
2256 3628 2434 3700 poeta
2461 3624 2689 3699 scripta

339 3741 464 3782 esse
519 3720 771 3780 videtur
825 3721 990 3798 (vide
1041 3722 1390 3781 Leeuwenii
1446 3729 1644 3780 annot.
1693 3721 1769 3779 ad
1814 3741 1899 3780 vs.
1946 3721 2113 3798 518);
2158 3719 2454 3778 absurdae
2498 3721 2689 3796 igitur

339 3819 652 3880 habendae
693 3825 836 3878 sunt
879 3827 1054 3878 notae
1097 3821 1252 3896 illae,
1297 3821 1414 3878 nisi
1457 3841 1592 3880 cum
1635 3819 2021 3878 Brentanone
2063 3823 2125 3876 et
2156 3816 2397 3876 Nabero
2419 3823 2687 3875 statuere

339 3919 486 3976 velis
541 3921 686 3996 post
736 3916 1162 3994 Aristophanis
1215 3923 1469 3976 mortem
1523 3917 1724 3975 nescio
1781 3935 1959 3992 quem
2010 3915 2337 3974 contulisse
2380 3915 2441 3972 in
2482 3935 2687 3990 unum,

339 4035 486 4091 quae
529 4013 653 4074 sibi
693 4015 756 4072 in
796 4013 1096 4092 prioribus
1138 4021 1200 4073 et
1241 4013 1676 4092 posterioribus
1717 4011 2000 4072 Nubibus
2038 4011 2365 4090 placerent.

415 4111 592 4186 Quae
655 4113 808 4170 alius
871 4117 1120 4170 annotat
1173 4111 1527 4170 scholiastes
1581 4111 1661 4169 ad
1713 4129 1925 4168 voces:
1986 4109 2057 4166 ἵν’
2114 4109 2147 4186 ᾗ
2205 4115 2435 4184 γέλωςε
2496 4113 2690 4167 Τοῦτο

341 4213 494 4286 Φησὶ
560 4212 684 4266 διαὶ
743 4211 842 4266 τὸν
901 4210 1256 4288 Ἕρμιππον,
1323 4215 1418 4266 καὶ
1480 4213 1579 4266 τὸν
1625 4213 2084 4286 Σιμέρμωνα
2129 4209 2228 4264 τὸν
2274 4209 2481 4264 τούτου
2525 4209 2688 4264 ὐπο-

344 4310 642 4386 κριτὴν,
713 4311 778 4366 et
845 4307 998 4364 alius
1068 4327 1277 4365 rursus
1346 4307 1425 4365 ad
1493 4305 1680 4364 verba
1749 4305 1875 4362 οὐδὲ
1948 4305 2297 4382 πρεσβύτης
2352 4304 2461 4382 (VS.
2515 4305 2687 4382 541):

344 4409 656 4484 Σιμέρμων
717 4423 805 4468 τις
861 4407 1129 4481 ἕτερος
1195 4405 1522 4482 κωμικὸς
1585 4403 1646 4460 ἓν
1705 4422 1819 4459 τινι
1876 4399 2055 4460 αὐτοῦ
2110 4403 2370 4478 δράματι
2422 4403 2691 4476 εἰσ-ἦξε

345 4501 698 4580 πρεσβύτην
763 4513 895 4559 τινα
953 4503 1394 4578 βακτηρίαν
1455 4505 1920 4577 κρατοῦντα,
1984 4533 2057 4540 -
2116 4518 2232 4556 non
2276 4499 2475 4556 minus
2518 4496 2692 4557 nobis

345 4605 626 4678 suspecta
681 4597 1004 4657 videantur
1059 4619 1303 4657 necesse
1359 4604 1469 4672 est,
1515 4599 1656 4672 quia
1697 4597 1873 4654 inodo
1920 4597 2196 4654 Simermo
2238 4596 2557 4672 Hermippi
2599 4601 2695 4653 est

345 4699 570 4766 histrio,
635 4697 810 4756 modo
875 4698 1004 4774 ipse
1066 4697 1328 4772 comicus,
1393 4701 1456 4755 et
1517 4696 1845 4773 specimina
1901 4695 2051 4752 satis
2106 4693 2468 4769 inelegantis
2510 4693 2694 4752 Grae-

347 4798 546 4856 citatis
592 4800 839 4854 monent
880 4801 1184 4854 auctorem
1225 4813 1358 4854 esse
1399 4792 1520 4852 fide
1561 4813 1773 4870 parum
1815 4791 2084 4869 dignum.
