3478 5737
1571 613 1656 678 25

525 806 666 870 Nos
729 807 800 870 in
863 807 1168 872 Nubium
1230 808 1502 874 fabulae
1563 809 1968 873 facetiarum
2030 809 2513 872 aestimatione
2564 807 2782 886 magis

435 930 820 994 consentire
883 947 1040 995 cum
1109 931 1412 996 Fischeri
1484 949 1688 1012 quam
1761 951 1917 996 cum
1992 931 2373 1014 Delapradii
2440 931 2781 1011 opinione,

437 1071 523 1118 ex
585 1056 732 1118 tota
793 1057 1028 1118 nostra
1090 1055 1174 1118 de
1231 1055 1544 1122 Nubibus
1589 1055 2058 1136 disputatione
2106 1057 2481 1137 apparebit,
2529 1054 2601 1118 in
2653 1072 2789 1133 qua

439 1176 572 1242 tria
617 1177 1018 1242 conabimur
1067 1180 1464 1244 ostendere:

523 1302 610 1382 (1)
656 1301 1038 1368 Socraticos
1083 1320 1454 1384 eorumque
1487 1305 1714 1368 studia
1746 1309 1870 1369 aut
1902 1321 2143 1386 parum
2184 1307 2308 1368 aut
2339 1302 2617 1366 omnino
2646 1319 2781 1366 nou

437 1424 824 1506 perstringi,
897 1425 1362 1509 Strepsiadem
1435 1433 1674 1492 contra
1737 1446 1856 1510 per
1918 1433 2139 1493 totam
2202 1427 2503 1492 fabulam
2570 1426 2789 1506 ipsius

439 1549 687 1612 erroris
733 1567 882 1613 esse
929 1550 1320 1633 ludibrium,
1369 1553 1655 1632 ideoque

526 1673 612 1748 (2)
659 1673 810 1737 Non
858 1675 1209 1740 Socratem
1249 1677 1365 1740 sed
1407 1676 1874 1758 Strepsiadem
1914 1677 2172 1758 primas
2209 1693 2409 1756 agere
2435 1678 2685 1756 partes,
2714 1677 2788 1738 et

527 1797 618 1871 (3)
667 1797 1200 1880 Aristophanem
1271 1815 1406 1864 non
1479 1801 1630 1864 odio
1693 1801 1763 1864 in
1828 1801 2295 1882 philosophica
2354 1799 2583 1863 studia
2646 1815 2785 1878 per-

439 1919 724 1984 ductum
786 1921 1091 1986 fabulam
1153 1939 1350 1987 suam
1413 1923 1789 2004 scripsisse,
1856 1925 1970 1988 secl
2037 1923 2445 2003 praesertim
2505 1939 2584 1986 co
2632 1938 2788 1985 con-

440 2041 615 2124 sili0,
665 2045 744 2107 ut
791 2043 1020 2126 populi
1073 2045 1412 2111 libertatis
1457 2047 1688 2111 studia
1731 2051 1943 2126 atque
1990 2049 2071 2111 de
2120 2045 2543 2128 philosophis
2578 2044 2789 2109 falsas

438 2165 796 2246 opiniones
855 2168 925 2231 in
989 2168 1362 2234 ludibrium
1427 2175 1749 2234 verteret.
1822 2171 2033 2236 Prout
2094 2171 2305 2252 igitur
2352 2187 2501 2234 sese
2547 2169 2788 2232 offeret

440 2291 722 2371 occasiO,
769 2291 852 2356 ad
902 2292 1036 2357 tria
1081 2291 1201 2357 illa
1247 2292 1383 2358 erit
1429 2294 1950 2359 attendendum.

531 2414 782 2480 Varias
826 2417 911 2482 ob
958 2434 1201 2482 causas
1249 2421 1553 2482 nostram
1603 2419 1686 2484 de
1735 2419 2095 2499 utriusque
2142 2417 2367 2497 Λόγου
2409 2418 2788 2483 certamino

441 2538 978 2619 disputationem
1043 2541 1524 2622 praemisimus
1583 2543 1801 2608 totius
1862 2544 2131 2608 fabulae
2193 2543 2459 2608 consilii
2508 2543 2785 2606 investi·

440 2664 723 2744 gationi.
809 2666 968 2747 Ipsa
1014 2667 1196 2732 enim
1248 2681 1358 2732 τοῦ
1407 2667 1656 2732 δικαίου
1705 2673 1808 2730 καὶ
1860 2683 1969 2732 τοῦ
2016 2669 2241 2732 ἀδίκου
2290 2669 2481 2748 λόγου
2530 2666 2789 2732 comica

443 2789 801 2873 oppositiO,
851 2807 1022 2871 quae
1073 2793 1288 2856 totius
1335 2794 1722 2858 comoediae
1772 2795 1971 2858 cardo
2010 2799 2118 2858 est
2152 2795 2483 2875 habenda,
2520 2795 2786 2857 tantam

443 2916 727 2996 praebet
780 2918 1340 2983 observationum
1389 2920 1771 3001 materiem,
1821 2925 1900 2984 ut
1945 2920 2017 2985 et
2063 2921 2173 2984 vis
2218 2921 2475 2984 comica
2523 2918 2789 2981 Aristo-

445 3039 712 3119 phanea
757 3040 829 3105 in
883 3040 1280 3106 universum
1331 3042 1492 3123 quid
1535 3047 1823 3125 spectet,
1858 3044 1928 3108 et
1966 3060 2101 3123 qua
2134 3062 2205 3108 re
2237 3048 2587 3109 certamen
2619 3040 2787 3105 illud

447 3164 726 3228 omnino
767 3180 898 3229 non
936 3182 974 3229 e
1005 3165 1238 3231 fabula
1274 3170 1512 3231 nostra
1543 3168 1772 3233 omitti
1816 3171 2045 3249 queat,
2084 3172 2320 3249 aperte
2360 3184 2485 3231 nos
2522 3167 2789 3229 demon-

447 3290 668 3352 strare
715 3304 911 3368 posse
957 3290 1395 3355 confidamus.

536 3412 810 3477 Partem
842 3414 1142 3495 priorem
1186 3415 1554 3481 divisimus
1603 3416 1672 3479 in
1721 3416 1859 3480 trin
1906 3417 2167 3497 capita:

543 3535 766 3617 Capite
831 3536 878 3599 I
937 3537 1308 3616 inquiritur
1377 3538 1448 3603 in
1516 3556 1764 3603 causas
1826 3540 2077 3620 quibus
2139 3542 2371 3603 motus
2435 3540 2634 3619 poeta
2684 3539 2789 3599 τὸν

453 3660 726 3723 ’Ἀδικου
774 3663 994 3740 Λόγου
1041 3662 1460 3743 superiorem
1509 3664 1749 3728 fecerit
1796 3664 2222 3727 evadentem.

544 3786 758 3869 Caput
803 3786 886 3850 ΙΙ
920 3786 1065 3867 agit
1109 3787 1192 3851 de
1238 3788 1538 3852 comicae
1585 3788 2035 3869 oppositionis
2080 3787 2597 3866 significatione.

543 3910 757 3992 Caput
816 3910 938 3974 ΙΙΙ
989 3911 1220 3976 varias
1273 3912 1578 3977 virorum
1626 3911 1981 3991 doctorum
2030 3912 2242 3977 refert
2288 3911 2370 3974 de
2418 3908 2792 3973 certamine

449 4033 821 4115 opiniones.

541 4159 718 4223 Pars
765 4160 1094 4241 posterior
1144 4160 1369 4224 divisa
1415 4163 1522 4225 est
1568 4160 1639 4224 in
1687 4178 1811 4223 sex
1858 4160 2105 4241 capita,
2153 4175 2441 4240 quorum
2492 4158 2790 4237 primum

452 4283 598 4362 agit
643 4282 727 4347 de
771 4282 989 4347 totius
1033 4284 1305 4349 fabulae
1354 4284 1732 4365 proposit03
1780 4285 1850 4347 in
1900 4284 2148 4348 ceteris
2189 4284 2489 4363 quinque
2522 4280 2791 4344 fabulae

451 4408 650 4471 actus
695 4405 1014 4488 deinceps
1061 4410 1467 4472 tractantur.
1517 4408 1610 4471 Eo
1647 4412 1885 4472 autem
1917 4406 2199 4472 consilio
2232 4409 2453 4470 totam
2488 4404 2791 4469 fabulam

452 4528 612 4593 inde
680 4530 767 4594 ab
835 4528 1034 4594 initio
1103 4530 1585 4611 tractavimuS,
1657 4532 1738 4594 ut
1807 4529 2079 4593 facilius
2124 4528 2393 4611 probari
2442 4528 2674 4609 posset
2722 4526 2787 4589 in

455 4652 872 4735 Strepsiadis
945 4654 1290 4718 erroribus
1363 4652 1714 4733 animique
1790 4652 2150 4718 affectibus
2223 4670 2437 4731 usque
2513 4651 2599 4716 ad
2680 4656 2791 4731 τὴν

455 4780 896 4861 καταστροφήν
945 4794 1118 4857 quae
1182 4780 1472 4843 vocatur
1518 4778 1744 4871 inesse
1796 4777 2286 4859 gradationem,
2337 4780 2551 4856 utque
2597 4794 2793 4858 appa-
