3478 5737
1782 609 1868 673 36

645 777 1140 887 cupiditatibus
1200 804 1603 885 resistendO,
1664 804 1780 867 sed
1847 803 2034 868 ultro
2098 821 2187 869 ex
2232 807 2486 869 natura
2532 804 2784 869 indolis
2827 803 2996 885 ipsa,

649 930 690 992 i.
736 945 793 993 e.
843 930 1004 1008 quia
1048 929 1251 995 aliter
1298 946 1371 993 se
1418 945 1651 1009 gerere
1698 945 1836 992 non
1883 928 2120 1010 possit,
2153 946 2310 993 cum
2343 928 2608 1011 patrias
2637 928 3000 1007 avitasque

650 1053 951 1118 virtutes
1010 1054 1208 1133 quasi
1253 1052 1637 1117 hereditate
1684 1052 2133 1131 acquisiverit
2189 1088 2251 1097 ·-
2313 1052 2664 1134 rogaveris
2709 1070 2830 1116 cur
2873 1052 2999 1117 tali

651 1177 818 1258 vir0,
886 1178 1068 1241 iusto
1116 1176 1391 1256 quidem
1439 1176 1557 1240 sed
1605 1175 1794 1241 nullo
1843 1192 1968 1240 suo
2015 1176 2284 1257 merit0,
2333 1177 2550 1241 honor
2598 1175 2749 1240 laus
2795 1174 3001 1240 beati·

648 1302 814 1366 tudo
862 1302 1057 1381 quasi
1107 1300 1411 1383 virtutiS,
1460 1317 1665 1379 quam
1717 1299 1903 1365 nullo
1942 1299 2170 1365 labore
2204 1302 2504 1365 nanctus
2541 1300 2657 1382 sit,
2693 1298 3000 1381 praemia

650 1426 720 1490 in
769 1424 1029 1505 gremio
1074 1425 1218 1489 sint
1265 1424 1621 1507 ponenda.-

740 1550 983 1613 Nonne
1065 1586 1127 1595 —
1205 1549 1305 1613 ita
1374 1548 1714 1629 quispiam
1787 1552 1977 1627 roget
2049 1584 2128 1594 —-
2201 1548 2488 1628 iniusto,
2550 1548 2668 1629 qui
2731 1564 3004 1627 semper

651 1672 905 1753 ubique
968 1676 1213 1737 contra
1274 1672 1492 1753 ipsius
1552 1671 1854 1736 indolem
1920 1672 2540 1751 inclinationesque
2587 1670 3002 1736 contendere

652 1796 916 1877 cogitur
988 1800 1061 1861 et
1129 1812 1217 1861 ex
1286 1796 1546 1860 iniusto
1615 1796 1881 1859 iustum
1951 1812 2023 1859 se
2093 1797 2399 1877 praebet,
2471 1795 2802 1860 maiorem
2869 1794 3002 1859 sibi

652 1921 1001 1986 vindicare
1068 1920 1340 1984 laudem
1404 1924 1613 1999 atque
1676 1919 2082 1985 felicitatem
2142 1920 2426 1985 licebit?
2511 1918 2839 2000 Denique,
2902 1918 3004 1982 ita

654 2044 853 2109 facile
930 2046 1167 2125 perget
1260 2060 1495 2124 rogare
1565 2042 1681 2124 qui
1754 2044 2060 2108 moribus
2128 2043 2530 2124 legibusque
2601 2042 3004 2109 constitutis

653 2169 1080 2244 adversatur,
1128 2166 1427 2247 denique
1472 2184 1593 2231 cur
1642 2168 1860 2247 magis
1905 2167 2154 2247 dignus
2185 2171 2294 2232 est
2323 2169 2434 2233 cui
2464 2167 2820 2247 contingat
2859 2166 3008 2230 vita

655 2291 845 2373 felix,
892 2292 1012 2371 qui
1058 2291 1247 2355 nullo
1294 2308 1417 2355 suo
1468 2290 1712 2356 merito
1761 2292 1910 2355 sive
1956 2291 2186 2356 labore
2225 2292 2319 2357 sit
2349 2292 2578 2356 iustus
2619 2307 2826 2371 quam
2864 2289 3006 2371 qui,

658 2416 883 2481 indole
928 2433 1010 2479 ac
1056 2418 1308 2479 natura
1355 2415 1438 2479 ad
1488 2416 1671 2481 mala
1718 2412 1892 2481 vitia
1937 2432 2334 2498 propensuS,
2383 2416 2694 2480 iustitiae
2741 2414 3010 2479 invitus

656 2540 751 2604 sit
795 2540 1097 2619 expers?

746 2664 850 2727 Ex
897 2662 1457 2745 philosophorum
1506 2680 1905 2729 severorum
1954 2664 2302 2729 sententia
2348 2664 2642 2745 propriis
2686 2664 3008 2728 resistere

659 2788 987 2852 debemus
1018 2786 1535 2870 cupiditatibus,
1568 2804 1723 2851 cum
1759 2787 1844 2851 iis
1875 2791 2155 2872 certare,
2181 2788 2239 2852 si
2267 2789 2461 2854 nobis
2487 2788 2695 2852 decus
2717 2786 3002 2867 gloriam

660 2911 1163 2976 beatitudinem
1212 2911 1528 2991 cupimus
1576 2911 1942 2977 vindicare.
1992 2912 2166 2994 Quid
2201 2917 2440 2978 autem
2472 2917 2713 2995 poetae
2746 2911 3004 2977 comico

659 3053 815 3100 cum
886 3035 1024 3100 ista
1091 3034 1428 3116 opinione,
1500 3036 1781 3119 comic0,
1852 3037 2020 3118 dic0,
2089 3037 2206 3117 qui
2277 3038 2478 3102 hilari
2547 3037 2777 3102 animo
2847 3051 3002 3101 cum

660 3159 877 3225 videri
922 3176 1002 3224 ac
1048 3175 1197 3226 esse
1245 3159 1498 3242 cupiat,
1547 3161 1763 3225 animi
1809 3162 2043 3226 autem
2082 3161 2508 3242 aegritudine
2537 3161 2882 3226 interdum
2917 3159 3005 3223 ob

662 3283 1052 3348 istiusmodi
1100 3283 1182 3347 de
1232 3283 1467 3347 mundi
1509 3283 1830 3364 vitaeque
1862 3285 2272 3366 aenigmatis
2303 3285 2758 3366 cogitationes
2787 3282 3004 3366 oppri-

662 3409 915 3489 matur,
964 3405 1165 3470 facile
1211 3406 1590 3472 adducatur
1638 3411 1717 3472 ut
1763 3408 2049 3474 facetias
2094 3427 2256 3474 suas
2301 3427 2388 3473 ex
2429 3408 2666 3474 mundi
2693 3407 3007 3473 funditus

661 3531 885 3595 eversi
933 3533 1127 3612 petat
1173 3529 1467 3596 fictione.

754 3653 827 3719 Si
888 3691 950 3699 —
1007 3657 1087 3718 ut
1132 3655 1353 3734 magis
1393 3655 1602 3720 etiam
1634 3659 1964 3737 appareat
1995 3662 2417 3738 quantopere
2457 3657 2718 3722 distent
2755 3655 3010 3720 hilares

666 3797 709 3843 a
768 3779 967 3842 seriis
1026 3779 1109 3843 de
1180 3779 1443 3844 ratione
1514 3779 1790 3844 vivendi
1859 3780 2310 3861 cogitationes
2391 3818 2452 3828 —
2531 3796 3011 3863 comparamus

669 3901 951 3966 Hesiodi
1033 3903 1559 3982 pronuntiatum
1628 3911 1760 3987 (τῆς
1829 3907 1887 3968 δ’
1957 3909 2175 3990 ἀρετῆς
2246 3907 2481 3989 ἱδρῶτα
2548 3909 2684 3970 θεοὶ
2755 3905 3009 3990 προπά-

666 4033 875 4104 ροιθεν
946 4025 1205 4109 ἔθηκαν,
1274 4025 1439 4108 Opp.
1511 4028 1639 4092 285
1702 4035 1828 4109 sq.)
1893 4047 2044 4094 cum
2112 4029 2520 4112 Protagorae
2583 4031 2700 4096 illo
2761 4029 3010 4112 mytho

669 4149 1028 4213 notissimo
1094 4151 1309 4231 (νόμον
1373 4175 1437 4228 γε
1484 4153 1590 4224 θὲς
1644 4187 1720 4196 -
1771 4154 1937 4217 sunt
1985 4155 2202 4235 ipsius
2249 4155 2432 4220 Iovis
2478 4155 2694 4219 verba
2741 4189 2820 4200 —
2872 4157 3008 4218 τὸν

668 4279 769 4356 μὴ
831 4273 1295 4354 δυνάμενον
1358 4275 1577 4349 αἰδοῦς
1639 4280 1746 4338 καὶ
1832 4277 2007 4361 δίκης
2067 4280 2335 4364 μετέχειν
2384 4283 2640 4343 κτείνειν
2691 4284 2775 4352 ὡς
2821 4278 3007 4342 νόσον

670 4395 949 4480 πόλεως),
1026 4401 1194 4463 tunc
1278 4399 1591 4465 videmus
1659 4400 2032 4466 secundum
2104 4403 2480 4468 Hesiodum
2551 4403 2883 4486 homineS,
2952 4404 3016 4467 si

670 4522 888 4603 veli-nt,
965 4522 1341 4587 consectari
1411 4527 1483 4586 et
1556 4524 1907 4603 acquirere
1970 4545 2164 4607 posse
2239 4527 2573 4592 virtutem
2644 4531 2854 4606 atque
2936 4563 3000 4571 —
3051 4581 3063 4594 .

673 4644 1074 4710 felicitatem
1123 4647 1271 4727 (hoc
1317 4647 1501 4711 enim
1550 4647 1928 4730 praemium
1977 4649 2232 4715 laboris
2275 4651 2417 4716 fore
2463 4651 2612 4716 sine
2659 4650 2864 4716 dubio
2909 4667 3012 4716 ar·

680 4768 975 4832 bitratur
1041 4773 1261 4850 poeta,
1332 4771 1415 4834 cf.
1487 4770 1832 4836 Cloeronis
1875 4777 1947 4837 et
1994 4773 2376 4839 Stoicorum
2422 4775 2626 4840 illud:
2677 4775 3012 4840 virtutem
