3478 5737
1755 566 1880 630 182

637 756 940 826 animam
997 777 1162 825 sane
1230 777 1427 825 suam
1490 760 1780 825 volitare
1828 760 2049 825 sensit
2094 760 2314 841 deque
2360 762 2567 827 rebus
2614 760 2987 827 subtilibus

569 854 581 864 ⁸
640 885 990 965 disputare
1056 884 1490 965 gestientem.
1561 884 1775 949 Estne
1840 884 2252 949 credendum
2316 884 2619 949 Nubium
2686 883 2985 949 Chorum

641 1010 703 1074 ei
749 1016 920 1073 tunc
951 1025 1218 1089 quoque
1255 1008 1726 1073 insusurrasse
1764 1008 2271 1089 tragoediarum
2310 1008 2721 1073 scientiam?
2770 1008 2987 1072 Immo

643 1150 808 1197 vero
844 1134 916 1198 in
955 1133 1112 1197 ficto
1153 1136 1426 1197 nostrae
1463 1132 1736 1197 fabulae
1775 1133 2033 1197 mundo
2072 1133 2449 1197 absurdum
2488 1133 2715 1213 fuerit,
2756 1132 2988 1197 omnia

644 1258 934 1338 dirigere
981 1256 1160 1321 velle
1205 1256 1290 1321 ad
1339 1273 1566 1321 rerum
1616 1258 1907 1321 naturae
1953 1257 2171 1338 ipsius
2216 1273 2549 1322 normam.
2598 1256 2991 1322 Condonare

646 1380 1030 1449 comoediae
1075 1379 1244 1445 talia
1288 1380 1584 1445 libenter
1629 1396 1872 1445 omnes
1918 1379 2230 1445 solebant
2277 1397 2496 1460 neque
2536 1380 2758 1461 magis
2796 1380 2990 1444 mira-

646 1506 899 1569 bantur
943 1506 1384 1585 spectatoreS,
1431 1504 1606 1583 quod
1647 1504 1854 1585 servi,
1894 1504 2154 1579 rustici,
2184 1503 2648 1585 mulierculae,
2684 1504 2997 1569 homines

647 1629 730 1693 de
776 1628 970 1709 plebe
1019 1628 1090 1692 in
1137 1644 1385 1692 scaena
1433 1627 1940 1709 Aristophanea
1987 1644 2227 1693 ornnes
2265 1628 2649 1708 tragoedias
2686 1632 2757 1693 et
2796 1644 2996 1692 nosse

651 1751 1087 1833 fingebantur
1149 1753 1221 1815 et
1267 1750 1578 1835 παρῳδεῖν
1628 1752 1872 1817 callide
1919 1752 2111 1832 scire,
2160 1769 2363 1831 quam
2415 1752 2591 1832 quod
2639 1752 2711 1816 in
2759 1754 3000 1816 nostra

653 1876 884 1941 fabula
947 1876 1436 1957 Strepsiadem,
1502 1878 1600 1942 rei
1661 1876 1986 1941 metricae
2054 1876 2653 1958 imperitissimum
2723 1876 2831 1959 (cf.
2894 1894 2995 1941 vs.

652 2000 828 2081 639),
878 2016 1221 2080 nusquam
1268 2004 1508 2065 contra
1551 2000 1758 2065 metri
1808 1999 1990 2079 leges
2036 2016 2316 2081 peccare
2362 2000 2753 2065 audiebant.

745 2123 929 2204 Quae
1012 2116 1169 2203 post
1252 2123 1593 2205 Amyniae
1675 2123 1901 2189 minas
1966 2123 2185 2205 (1277)
2254 2124 2567 2203 perhibet
2632 2140 2847 2189 senex
2928 2160 2991 2169 --

659 2250 874 2329 rogat,
939 2251 1172 2311 utrum
1222 2250 1420 2329 putet
1466 2247 1702 2312 Iovem
1748 2246 2121 2311 identidem
2176 2264 2427 2312 novam
2474 2249 2707 2329 pluere
2752 2264 3003 2328 aquam

663 2390 754 2437 an
803 2372 1016 2437 solem
1065 2371 1348 2436 eandem
1399 2388 1668 2453 semper
1714 2372 2065 2437 retrahere
2116 2408 2209 2453 —,
2249 2388 2331 2437 ea
2374 2372 2509 2436 alio
2555 2372 2777 2437 denuo
2812 2372 3008 2436 modo

667 2499 970 2577 tangunt
1030 2499 1496 2577 spectatorum
1561 2496 1896 2579 animum,
1958 2495 2092 2561 alio
2140 2496 2519 2561 creditoris.
2565 2496 2778 2561 Putat
2822 2497 3005 2561 enim

666 2620 961 2687 creditor
1022 2621 1356 2685 rusticum
1424 2638 1586 2686 suas
1646 2620 2097 2701 cogitationes
2156 2638 2197 2685 a
2256 2621 2547 2701 pecunia
2604 2638 2894 2686 avocare
2937 2621 3011 2685 in

665 2747 898 2811 animo
977 2746 1244 2825 habere,
1325 2745 1742 2827 intellegunt
1816 2747 2059 2811 contra
2133 2749 2556 2828 spectatores
2624 2764 2857 2811 senem
2926 2746 3011 2810 ad

663 2871 1068 2936 creditorem
1115 2871 1622 2936 obturbandum
1673 2871 1775 2934 uti
1826 2870 1999 2934 velle
2045 2870 2403 2952 sapientia,
2442 2888 2653 2953 quam
2693 2871 3011 2936 Socrates

665 3013 827 3062 eum
885 2995 1228 3060 docuerat.
1313 2995 1563 3060 Parum
1623 2998 1861 3060 autem
1924 3011 2108 3059 nunc
2168 2995 2472 3060 succedit
2519 2999 2789 3076 noster;
2838 2995 3013 3060 nihil

667 3119 960 3186 creditor
1005 3119 1212 3182 istam
1260 3118 1676 3200 sapientiam
1724 3118 1796 3183 in
1844 3119 2237 3199 praesentia
2288 3121 2614 3183 moratur.
2679 3119 3014 3184 Irridetur

669 3243 1072 3324 praesertim
1121 3242 1368 3307 idcirco
1415 3259 1649 3325 senex,
1697 3243 1858 3323 quia
1904 3261 2111 3324 quam
2160 3243 2573 3324 sapientiam
2620 3243 2692 3308 in
2743 3243 3015 3308 Pasiam

669 3366 962 3433 feliciter
1029 3383 1116 3430 ex
1183 3366 1403 3448 ipsius
1471 3366 1789 3447 opinione
1857 3366 2287 3446 adhibuerat,
2360 3383 2443 3431 ea
2512 3385 2696 3432 nunc
2758 3368 3021 3432 frustra

674 3491 916 3557 utitur.
985 3489 1451 3555 Nihilominus
1497 3491 1816 3572 pertinax
1863 3506 2076 3555 senex
2125 3494 2319 3570 rogat
2364 3492 2490 3572 (vs.
2543 3492 2771 3569 1283):

942 3627 1077 3688 πῶς
1123 3611 1234 3678 οὖν
1283 3613 1628 3700 ἀπολαβεῖν
1678 3617 2010 3697 τάργύριον
2060 3615 2299 3688 δίκαιος
2345 3610 2417 3692 εἶ,

944 3744 994 3803 εἶ
1039 3739 1233 3823 μηδὲν
1284 3735 1470 3803 οἶσθα
1518 3753 1645 3805 τῶν
1693 3743 2015 3822 μετεώρων
2064 3741 2498 3824 πραγμάτωνς

771 3863 867 3928 De
928 3865 1288 3946 industria,
1358 3868 1436 3929 ut
1483 3865 1745 3947 opinor,
1792 3869 1998 3946 poeta
2042 3867 2151 3930 ter
2198 3865 2484 3930 eandem
2534 3864 2711 3928 hanc
2756 3865 3026 3927 senten·

681 3986 854 4051 tiam
915 3985 1294 4069 Strepsiadi
1355 3989 1606 4054 tribuit
1664 3995 1793 4067 (vs.
1864 3989 2055 4071 1249,
2092 4005 2257 4082 yss,
2310 3989 2477 4052 1257
2528 4005 2648 4068 sq„
2694 4003 2799 4051 vs.
2852 3986 3027 4050 1283

685 4117 830 4190 sq.).
925 4111 1251 4177 Nesciens
1317 4113 1502 4177 enim
1573 4112 1672 4178 sic
1739 4131 1813 4178 se
1880 4114 2111 4194 ipsum
2171 4113 2463 4178 ludibrio
2528 4112 2733 4177 habet
2788 4127 3029 4193 senex,

684 4252 968 4316 seseque
1037 4239 1317 4319 praebet
1362 4239 1670 4302 omnium
1717 4237 2234 4320 stultissimum,
2286 4253 2599 4316 vanaque
2645 4235 2729 4300 de
2775 4253 2849 4300 se
2894 4234 3033 4316 opi·

685 4360 887 4424 nione
945 4362 1378 4427 obstrictum.
1451 4359 1857 4443 Suspicatur
1902 4361 2146 4428 deinde
2196 4361 2535 4444 Amynias
2582 4377 2817 4425 senem
2863 4382 3035 4423 σπα-

686 4485 872 4558 νίζειν
935 4485 1176 4568 (1285),
1243 4502 1450 4566 quare
1511 4489 1923 4551 contentum
1985 4504 2057 4551 se
2104 4487 2247 4551 fore
2295 4486 2463 4551 dicit
2510 4499 2596 4561 τῷ
2645 4487 2827 4568 τόκῳ.
2896 4484 3035 4550 Η16

685 4609 934 4673 iterum
1019 4613 1305 4691 apparet
1387 4615 1662 4692 poetam
1742 4611 2061 4676 adamare
2140 4627 2361 4692 voces,
2441 4627 2615 4691 quae
2690 4609 3038 4693 duplicem

689 4733 944 4798 habent
1014 4734 1382 4799 not-ionem.
1467 4734 1689 4816 Rogat
1754 4750 1968 4800 senex
2034 4735 2378 4815 quodnam
2444 4734 2699 4800 animal
2762 4734 2857 4799 sit
2916 4733 3039 4800 ille
