3478 5737
1506 584 1585 647 51

378 774 761 839 iniustitiae
846 772 1313 839 defensionem
1397 776 1801 858 suscipiens,
1885 778 2142 841 amicos
2211 782 2284 843 et
2353 780 2727 859 prudentes

376 898 624 977 dialogi
692 898 932 980 socios,
996 899 1249 981 quippe
1312 898 1427 979 qui
1492 900 1986 987 disputationis
2046 902 2409 966 consilium
2473 905 2724 984 perspi-

377 1022 587 1101 ciant,
634 1022 705 1087 in
752 1038 1051 1087 errorem
1098 1039 1234 1087 non
1282 1022 1490 1088 ducit.
1563 1022 1858 1087 Multum
1907 1024 2245 1088 interesse
2291 1024 2474 1089 inter
2519 1025 2724 1090 dialo-

374 1164 539 1225 gum
607 1148 678 1211 et
745 1146 1162 1211 comoediam
1229 1149 1367 1211 iam
1433 1146 1613 1211 vidit
1674 1146 2021 1211 Lucianus
2081 1147 2455 1229 (Prometh.
2515 1166 2590 1213 es
2652 1151 2722 1214 in

378 1271 611 1335 verbis
655 1288 711 1334 c.
763 1270 918 1350 VD:

468 1399 541 1458 οὗ
588 1399 762 1459 πάνυ
806 1409 961 1474 γοῦν
1011 1400 1258 1479 συνήθη
1306 1400 1410 1459 καὶ
1460 1396 1612 1477 φίλα
1659 1396 1723 1470 ἐξ
1770 1400 1963 1482 ἀρχῆς
2011 1393 2084 1479 ἦν
2136 1400 2167 1459 ὁ
2215 1396 2504 1476 διάλογος
2545 1404 2646 1461 καὶ
2683 1404 2718 1481 ἡ

378 1520 702 1604 κωμῳδία,
772 1523 829 1583 εἴ
884 1548 950 1600 γε
1013 1526 1045 1584 ὁ
1105 1524 1215 1602 μὲν
1280 1524 1497 1586 οἴκοι
1559 1525 1737 1585 καθ’
1801 1526 2097 1587 ἑαυτὸν
2163 1528 2264 1585 καὶ
2330 1529 2404 1606 νὴ
2472 1526 2592 1587 Aia
2655 1528 2718 1589 ἓν

376 1662 507 1720 τοῖς
576 1650 937 1729 περιπάτοις
1006 1648 1166 1728 μετ’
1238 1647 1540 1726 ὀλίγων
1616 1652 1724 1721 τὰς
1796 1647 2121 1734 διατριβὰς
2191 1652 2476 1727 ἐποιεῖτο,
2544 1654 2580 1730 ἡ
2653 1651 2716 1713 δὲ

376 1773 861 1855 παραδοῦσα
920 1787 1023 1860 τῷ
1089 1779 1460 1857 Διονύσῳ
1521 1778 1822 1857 ἑαυτὴν
1888 1778 2206 1857 θεάτρῳ
2270 1775 2557 1856 ὡμίλει
2607 1782 2714 1839 καὶ

374 1899 818 1973 ξυνέπαιζε
902 1903 1005 1961 καὶ
1089 1898 1676 1978 ἐγελωτοποίει
1749 1905 1852 1963 καὶ
1925 1904 1994 1963 τὸ
2065 1899 2232 1977 ὅλον,
2303 1903 2716 1973 ἀναπαίστοις

374 2026 619 2107 μέτροις
665 2026 1051 2110 ἐποχουμένη
1100 2030 1179 2088 τὰ
1226 2024 1451 2103 πολλά,
1492 2030 1675 2098 τοὺς
1713 2040 1854 2089 τοῦ
1893 2023 2236 2104 διαλόγο
2262 2053 2295 2088 υ
2333 2028 2720 2109 ἑταίρους

374 2149 757 2235 ἐχλεύαζε
822 2156 1326 2234 φροντιστὰς
1387 2156 1489 2214 καὶ
1554 2149 2217 2237 μετεωρολέσχας
2265 2156 2510 2215 καὶτὰ
2557 2179 2718 2215 τοι-

373 2290 583 2339 αὔτα
644 2280 1413 2359 προσαγορεύουσα·
1478 2280 1582 2339 καὶ
1643 2279 1797 2357 μίαν
1861 2280 2097 2360 ταύτην
2167 2281 2517 2360 προαίρεσιν
2576 2280 2717 2341 ἐπε-

374 2405 603 2485 ποίητο
664 2404 935 2475 ἐκείνους
996 2403 1407 2467 ἐπισκώπτειν
1473 2407 1575 2465 καὶ
1624 2409 1737 2486 τὴν
1790 2408 2352 2483 Διονυσιακὴν
2402 2402 2719 2467 ἐλευθε-

373 2531 563 2607 ρίαν
678 2542 1068 2612 καταχεῖν
1184 2532 1417 2605 αὐτῶν,
1524 2528 1705 2611 ἄρτι
1809 2531 1948 2609 μὲν
2048 2530 2720 2613 ἀεροβατοῦντας

374 2654 745 2718 δεικνύουσα
810 2659 914 2717 καὶ
980 2653 1365 2735 νεφέλαις
1424 2654 1752 2731 ξυνόντας,
1813 2654 1994 2737 ἄρτι
2057 2653 2132 2717 δὲ
2195 2653 2533 2737 ψυλλῶν
2582 2683 2720 2733 πη-

372 2780 701 2859 δήματα
749 2780 1253 2861 διαμετροῦντας,
1304 2784 1386 2854 ὡς
1428 2780 1618 2862 δῆθεν
1670 2785 1746 2844 τὰ
1793 2758 1968 2863 ἇέρία
2015 2778 2645 2861 λεπτολογουμένους.
2684 2782 2716 2843 ὁ

372 2905 665 2986 διάλογος
735 2905 799 2969 δὲ
862 2904 1369 2988 σεμνοτάτας
1430 2909 1693 2970 ἐποιεῖτο
1759 2911 1896 2979 τὰς
1963 2909 2414 2979 συνουσίας
2481 2907 2718 2987 φύσεώς

374 3048 441 3086 ιε
486 3025 623 3104 πέρι
670 3027 771 3086 καὶ
836 3026 1129 3106 ἀρετῆς
1192 3021 1569 3106 φιλοσοφῶν.

470 3139 887 3221 Sententiae,
936 3139 1173 3220 quales
1218 3143 1589 3205 occurrunt
1638 3157 1737 3202 vs.
1783 3139 1946 3203 1081
1986 3155 2086 3218 sq.
2120 3139 2224 3215 (de
2258 3138 2439 3219 Iove,
2471 3139 2720 3202 amori-

375 3265 509 3328 bus
568 3264 1103 3345 succumbente),
1168 3281 1268 3328 VS.
1334 3264 1457 3328 901
1526 3280 1669 3343 sqq.
1732 3262 1897 3340 (οὐδὲ
1959 3266 2078 3346 γὰρ
2135 3258 2291 3326 εἶναι
2339 3264 2511 3326 πάνυ
2560 3267 2715 3346 φημὶ

373 3389 583 3472 δίκην,
632 3405 877 3470 nempe
925 3388 1207 3468 Iupiter,
1256 3392 1525 3468 patrem
1571 3389 1934 3468 postquam
1979 3387 2048 3450 in
2091 3386 2368 3450 vincula
2406 3386 2716 3468 coniecit,

374 3513 601 3578 adhuc
646 3511 869 3592 vivit),
918 3529 1019 3576 vs.
1074 3511 1245 3574 1418
1292 3529 1391 3591 sq.
1432 3511 1743 3591 (aequius
1773 3527 1942 3592 esse,
1983 3528 2184 3575 senes
2221 3510 2483 3592 plorare
2510 3528 2716 3592 quam

372 3637 697 3717 iuniores,
768 3639 1024 3715 quanto
1094 3635 1323 3700 minus
1391 3635 1653 3700 iustum
1715 3638 1824 3699 est
1889 3653 2088 3700 senes
2149 3637 2468 3717 peccare),
2535 3635 2593 3699 si
2641 3634 2712 3698 in

374 3761 641 3845 pulpito
702 3760 877 3826 serio
927 3761 1037 3825 vel
1083 3760 1304 3825 iocose
1349 3760 1674 3825 dicuntur
1718 3777 1760 3824 a
1806 3760 2051 3841 quovis
2098 3760 2450 3840 histrione,
2497 3775 2718 3837 neque

371 3889 461 3952 ab
522 3885 654 3950 alio
715 3885 1113 3949 refutantur
1173 3889 1297 3949 aut
1344 3885 1414 3948 in
1464 3884 1837 3949 ludibrium
1883 3888 2276 3964 vertuntur,
2328 3883 2557 3966 populi
2605 3883 2716 3946 vel

375 4009 854 4092 imperitorum
938 4027 1097 4090 erga
1176 4011 1335 4074 deos
1417 4013 1489 4074 et
1568 4013 1894 4090 parentes
1960 4011 2202 4092 pietati
2276 4003 2718 4088 religionique

376 4135 791 4217 perniciosas
867 4151 1017 4198 esse
1094 4151 1313 4215 posse,
1389 4135 1449 4199 si
1514 4135 1713 4198 nimis
1779 4135 1944 4202 serio
2012 4135 2450 4216 accipiuntur,
2521 4131 2717 4195 facile

374 4257 819 4338 intellegitur.
890 4259 1223 4323 Attamen
1284 4262 1391 4323 est
1453 4258 1808 4322 sciendum
1855 4258 2166 4322 homines
2210 4250 2366 4322 inde
2413 4258 2498 4321 ab
2543 4255 2707 4320 anti·

376 4382 729 4463 quissimis
790 4383 1216 4462 temporibus
1276 4383 1570 4447 libenter
1630 4382 1790 4445 deos
1855 4383 2208 4446 hominum
2255 4381 2477 4446 instar
2525 4381 2714 4462 puta-

375 4508 582 4586 visse,
645 4507 775 4571 sibi
836 4507 995 4571 deos
1052 4507 1335 4572 finxisse
1383 4507 1615 4588 figura,
1666 4506 2047 4588 voluntate,
2097 4506 2347 4571 studiis
2394 4503 2717 4568 humanis

374 4630 743 4713 praeditos..
812 4631 970 4696 Ideo
1017 4632 1301 4695 minime
1347 4635 1454 4695 est
1502 4631 1892 4695 mirandum
1939 4631 2266 4694 mortales
2313 4631 2436 4693 hac
2483 4627 2717 4692 simili·

376 4755 647 4820 tudinis
728 4756 1044 4836 opinione
1126 4757 1389 4837 ductos,
1474 4754 1882 4835 praesertim
1950 4755 2263 4835 Graecos,
2333 4754 2448 4833 qui
2517 4757 2718 4817 tanta
