<?xml version="1.0" encoding="UTF-8"?>
<!DOCTYPE html PUBLIC "-//W3C//DTD XHTML 1.0 Transitional//EN"
    "http://www.w3.org/TR/xhtml1/DTD/xhtml1-transitional.dtd">
<html xmlns="http://www.w3.org/1999/xhtml" xml:lang="en" lang="en">
 <head>
  <title>
</title>
<meta http-equiv="Content-Type" content="text/html;charset=utf-8" />
  <meta name='ocr-system' content='tesseract 3.04.00' />
  <meta name='ocr-capabilities' content='ocr_page ocr_carea ocr_par ocr_line ocrx_word'/>
</head>
<body>
  <div class='ocr_page' id='page_1' title='image "./dearistophanisi00heldgoog_0175.png"; bbox 0 0 3478 5737; ppageno 0'>
   <div class='ocr_carea' id='block_1_1' title="bbox 1516 600 1643 662">
    <p class='ocr_par' dir='ltr' id='par_1_1' title="bbox 1516 600 1643 662">
     <span class='ocr_line' id='line_1_1' title="bbox 1516 600 1643 662; baseline 0.008 -1"><span class='ocrx_word' id='word_1_1' title='bbox 1516 600 1643 662; x_wconf 88' lang='lat'>159</span> 
     </span>
    </p>
   </div>
   <div class='ocr_carea' id='block_1_2' title="bbox 402 791 2758 3985">
    <p class='ocr_par' dir='ltr' id='par_1_2' title="bbox 402 791 2758 1994">
     <span class='ocr_line' id='line_1_2' title="bbox 494 791 2756 875; baseline 0 -19"><span class='ocrx_word' id='word_1_2' title='bbox 494 791 801 857; x_wconf 89' lang='lat' dir='ltr'>Primum</span> <span class='ocrx_word' id='word_1_3' title='bbox 866 795 938 858; x_wconf 93' lang='lat' dir='ltr'>et</span> <span class='ocrx_word' id='word_1_4' title='bbox 996 792 1370 857; x_wconf 86' lang='lat' dir='ltr'>secundum</span> <span class='ocrx_word' id='word_1_5' title='bbox 1435 792 1830 873; x_wconf 84' lang='lat' dir='ltr'>inventum,</span> <span class='ocrx_word' id='word_1_6' title='bbox 1880 792 2308 871; x_wconf 88' lang='lat' dir='ltr'>ingeniosum</span> <span class='ocrx_word' id='word_1_7' title='bbox 2362 794 2756 875; x_wconf 70' lang='lat' dir='ltr'>utrumque,</span> 
     </span>
     <span class='ocr_line' id='line_1_3' title="bbox 402 914 2754 999; baseline 0 -18"><span class='ocrx_word' id='word_1_8' title='bbox 402 916 667 981; x_wconf 82' lang='lat' dir='ltr'>Socrati</span> <span class='ocrx_word' id='word_1_9' title='bbox 735 916 1075 998; x_wconf 80' lang='lat' dir='ltr'>placuisse</span> <span class='ocrx_word' id='word_1_10' title='bbox 1146 916 1469 981; x_wconf 84' lang='lat' dir='ltr'>videntur</span> <span class='ocrx_word' id='word_1_11' title='bbox 1538 914 1630 995; x_wconf 79' lang='grc' dir='ltr'>(εὖ</span> <span class='ocrx_word' id='word_1_12' title='bbox 1688 916 1772 998; x_wconf 72' lang='grc' dir='ltr'>γ’,</span> <span class='ocrx_word' id='word_1_13' title='bbox 1836 934 1940 981; x_wconf 81' lang='lat' dir='ltr'>vs,</span> <span class='ocrx_word' id='word_1_14' title='bbox 2006 917 2157 998; x_wconf 78' lang='lat'>757,</span> <span class='ocrx_word' id='word_1_15' title='bbox 2197 916 2249 993; x_wconf 90' lang='lat'>1)</span> <span class='ocrx_word' id='word_1_16' title='bbox 2309 930 2516 999; x_wconf 79' lang='grc' dir='ltr'><em>σοφῶς</em></span> <span class='ocrx_word' id='word_1_17' title='bbox 2562 942 2629 997; x_wconf 78' lang='grc' dir='ltr'>γε</span> <span class='ocrx_word' id='word_1_18' title='bbox 2679 924 2754 999; x_wconf 84' lang='grc' dir='ltr'>νὴ</span> 
     </span>
     <span class='ocr_line' id='line_1_4' title="bbox 404 1040 2754 1126; baseline 0.001 -22"><span class='ocrx_word' id='word_1_19' title='bbox 404 1046 515 1115; x_wconf 80' lang='grc' dir='ltr'>τὰς</span> <span class='ocrx_word' id='word_1_20' title='bbox 573 1044 847 1126; x_wconf 78' lang='grc' dir='ltr'>χάριτας,</span> <span class='ocrx_word' id='word_1_21' title='bbox 903 1040 1081 1121; x_wconf 90' lang='lat' dir='ltr'>quod</span> <span class='ocrx_word' id='word_1_22' title='bbox 1130 1040 1387 1105; x_wconf 89' lang='lat' dir='ltr'>scholio</span> <span class='ocrx_word' id='word_1_23' title='bbox 1434 1042 1656 1106; x_wconf 85' lang='lat' dir='ltr'>invito</span> <span class='ocrx_word' id='word_1_24' title='bbox 1704 1040 2090 1105; x_wconf 88' lang='lat' dir='ltr'>rectissime</span> <span class='ocrx_word' id='word_1_25' title='bbox 2137 1040 2592 1107; x_wconf 87' lang='lat' dir='ltr'>Leeuwenius</span> <span class='ocrx_word' id='word_1_26' title='bbox 2637 1042 2754 1107; x_wconf 92' lang='lat' dir='ltr'>alii</span> 
     </span>
     <span class='ocr_line' id='line_1_5' title="bbox 404 1165 2758 1251; baseline 0 -20"><span class='ocrx_word' id='word_1_27' title='bbox 404 1166 755 1248; x_wconf 84' lang='lat' dir='ltr'>explicant</span> <span class='ocrx_word' id='word_1_28' title='bbox 822 1183 942 1248; x_wconf 88' lang='lat' dir='ltr'>per</span> <span class='ocrx_word' id='word_1_29' title='bbox 1012 1168 1241 1251; x_wconf 77' lang='grc' dir='ltr'><strong><em>χαρίεν,</em></strong></span> <span class='ocrx_word' id='word_1_30' title='bbox 1312 1166 1666 1248; x_wconf 75' lang='lat' dir='ltr'>festivum,</span> <span class='ocrx_word' id='word_1_31' title='bbox 1733 1182 1835 1229; x_wconf 88' lang='lat' dir='ltr'>vs.</span> <span class='ocrx_word' id='word_1_32' title='bbox 1904 1165 2073 1243; x_wconf 87' lang='grc'><strong>773).</strong></span> <span class='ocrx_word' id='word_1_33' title='bbox 2149 1165 2457 1231; x_wconf 88' lang='lat' dir='ltr'>Tertium</span> <span class='ocrx_word' id='word_1_34' title='bbox 2517 1170 2758 1232; x_wconf 88' lang='lat' dir='ltr'>contra</span> 
     </span>
     <span class='ocr_line' id='line_1_6' title="bbox 404 1289 2754 1374; baseline -0 -19"><span class='ocrx_word' id='word_1_35' title='bbox 404 1290 804 1372; x_wconf 88' lang='lat' dir='ltr'>philosopho</span> <span class='ocrx_word' id='word_1_36' title='bbox 850 1291 1138 1355; x_wconf 88' lang='lat' dir='ltr'>minime</span> <span class='ocrx_word' id='word_1_37' title='bbox 1185 1294 1455 1371; x_wconf 86' lang='lat' dir='ltr'>gratum</span> <span class='ocrx_word' id='word_1_38' title='bbox 1506 1291 1781 1355; x_wconf 89' lang='lat' dir='ltr'>videtur</span> <span class='ocrx_word' id='word_1_39' title='bbox 1829 1289 2031 1373; x_wconf 68' lang='grc' dir='ltr'><strong><em>(οὐδὲν</em></strong></span> <span class='ocrx_word' id='word_1_40' title='bbox 2083 1289 2296 1369; x_wconf 72' lang='grc' dir='ltr'>λέγει-ς,</span> <span class='ocrx_word' id='word_1_41' title='bbox 2337 1292 2487 1374; x_wconf 79' lang='grc'><strong>781,</strong></span> <span class='ocrx_word' id='word_1_42' title='bbox 2519 1290 2754 1374; x_wconf 66' lang='grc' dir='ltr'>ὑθλεῖς,</span> 
     </span>
     <span class='ocr_line' id='line_1_7' title="bbox 405 1414 2756 1497; baseline 0.001 -18"><span class='ocrx_word' id='word_1_43' title='bbox 405 1416 593 1496; x_wconf 83' lang='grc'><strong>783);</strong></span> <span class='ocrx_word' id='word_1_44' title='bbox 666 1433 791 1481; x_wconf 92' lang='lat' dir='ltr'>nec</span> <span class='ocrx_word' id='word_1_45' title='bbox 838 1416 1111 1497; x_wconf 80' lang='lat' dir='ltr'>mirum,</span> <span class='ocrx_word' id='word_1_46' title='bbox 1160 1416 1279 1497; x_wconf 89' lang='lat' dir='ltr'>qui</span> <span class='ocrx_word' id='word_1_47' title='bbox 1326 1415 1507 1479; x_wconf 89' lang='lat' dir='ltr'>enim</span> <span class='ocrx_word' id='word_1_48' title='bbox 1560 1414 1887 1495; x_wconf 88' lang='lat' dir='ltr'>magister</span> <span class='ocrx_word' id='word_1_49' title='bbox 1933 1416 2344 1497; x_wconf 89' lang='lat' dir='ltr'>discipulum</span> <span class='ocrx_word' id='word_1_50' title='bbox 2396 1419 2541 1481; x_wconf 87' lang='lat' dir='ltr'>tam</span> <span class='ocrx_word' id='word_1_51' title='bbox 2591 1418 2756 1483; x_wconf 87' lang='lat' dir='ltr'>stul-</span> 
     </span>
     <span class='ocr_line' id='line_1_8' title="bbox 403 1540 2758 1622; baseline 0.001 -18"><span class='ocrx_word' id='word_1_52' title='bbox 403 1543 549 1604; x_wconf 87' lang='lat' dir='ltr'>tam</span> <span class='ocrx_word' id='word_1_53' title='bbox 618 1543 1045 1622; x_wconf 75' lang='lat' dir='ltr'>promentem</span> <span class='ocrx_word' id='word_1_54' title='bbox 1115 1540 1313 1604; x_wconf 90' lang='lat' dir='ltr'>audit</span> <span class='ocrx_word' id='word_1_55' title='bbox 1383 1540 1894 1621; x_wconf 74' lang='lat' dir='ltr'>cogitationem,</span> <span class='ocrx_word' id='word_1_56' title='bbox 1958 1540 2106 1605; x_wconf 91' lang='lat' dir='ltr'>iure</span> <span class='ocrx_word' id='word_1_57' title='bbox 2169 1557 2294 1605; x_wconf 92' lang='lat' dir='ltr'>suo</span> <span class='ocrx_word' id='word_1_58' title='bbox 2357 1541 2758 1621; x_wconf 78' lang='lat' dir='ltr'>indignatur</span> 
     </span>
     <span class='ocr_line' id='line_1_9' title="bbox 402 1664 2755 1749; baseline 0.002 -22"><span class='ocrx_word' id='word_1_59' title='bbox 402 1680 695 1744; x_wconf 88' lang='lat' dir='ltr'>eumque</span> <span class='ocrx_word' id='word_1_60' title='bbox 755 1664 839 1729; x_wconf 90' lang='lat' dir='ltr'>ad</span> <span class='ocrx_word' id='word_1_61' title='bbox 903 1664 1136 1728; x_wconf 88' lang='lat' dir='ltr'>omnia</span> <span class='ocrx_word' id='word_1_62' title='bbox 1195 1681 1345 1729; x_wconf 86' lang='lat' dir='ltr'>esse</span> <span class='ocrx_word' id='word_1_63' title='bbox 1407 1664 1721 1745; x_wconf 89' lang='lat' dir='ltr'>ineptum</span> <span class='ocrx_word' id='word_1_64' title='bbox 1781 1667 2056 1746; x_wconf 63' lang='lat' dir='ltr'>putam,</span> <span class='ocrx_word' id='word_1_65' title='bbox 2117 1664 2321 1729; x_wconf 87' lang='lat' dir='ltr'>facile</span> <span class='ocrx_word' id='word_1_66' title='bbox 2366 1666 2755 1749; x_wconf 75' lang='lat' dir='ltr'>adducitur,</span> 
     </span>
     <span class='ocr_line' id='line_1_10' title="bbox 404 1788 2754 1871; baseline 0.001 -19"><span class='ocrx_word' id='word_1_67' title='bbox 404 1791 502 1868; x_wconf 78' lang='lat' dir='ltr'>ut,</span> <span class='ocrx_word' id='word_1_68' title='bbox 574 1788 735 1867; x_wconf 89' lang='lat' dir='ltr'>quid</span> <span class='ocrx_word' id='word_1_69' title='bbox 805 1804 883 1853; x_wconf 91' lang='lat' dir='ltr'>eo</span> <span class='ocrx_word' id='word_1_70' title='bbox 953 1788 1163 1853; x_wconf 86' lang='lat' dir='ltr'>faciat</span> <span class='ocrx_word' id='word_1_71' title='bbox 1222 1788 1609 1869; x_wconf 56' lang='lat' dir='ltr'>desperans</span> <span class='ocrx_word' id='word_1_72' title='bbox 1672 1788 2099 1853; x_wconf 82' lang='lat' dir='ltr'>institutioni</span> <span class='ocrx_word' id='word_1_73' title='bbox 2164 1789 2478 1871; x_wconf 86' lang='lat' dir='ltr'>imponat</span> <span class='ocrx_word' id='word_1_74' title='bbox 2526 1790 2754 1857; x_wconf 86' lang='lat' dir='ltr'>finem.</span> 
     </span>
     <span class='ocr_line' id='line_1_11' title="bbox 406 1912 1992 1994; baseline 0 -17"><span class='ocrx_word' id='word_1_75' title='bbox 406 1912 515 1977; x_wconf 89' lang='lat' dir='ltr'>Nil</span> <span class='ocrx_word' id='word_1_76' title='bbox 561 1912 952 1978; x_wconf 86' lang='lat' dir='ltr'>mirandum</span> <span class='ocrx_word' id='word_1_77' title='bbox 998 1912 1230 1994; x_wconf 79' lang='lat' dir='ltr'>igitur,</span> <span class='ocrx_word' id='word_1_78' title='bbox 1282 1912 1686 1993; x_wconf 88' lang='lat' dir='ltr'>magistrum</span> <span class='ocrx_word' id='word_1_79' title='bbox 1735 1912 1992 1977; x_wconf 87' lang='lat' dir='ltr'>dicere:</span> 
     </span>
    </p>

    <p class='ocr_par' dir='ltr' id='par_1_3' title="bbox 892 2034 2190 2119">
     <span class='ocr_line' id='line_1_12' title="bbox 892 2034 2190 2119; baseline 0.001 -20"><span class='ocrx_word' id='word_1_80' title='bbox 892 2034 1142 2119; x_wconf 71' lang='grc' dir='ltr'><strong>ἄπερρ’·</strong></span> <span class='ocrx_word' id='word_1_81' title='bbox 1191 2041 1302 2100; x_wconf 85' lang='grc' dir='ltr'>οὐκ</span> <span class='ocrx_word' id='word_1_82' title='bbox 1351 2036 1429 2099; x_wconf 72' lang='grc' dir='ltr'>ἂν</span> <span class='ocrx_word' id='word_1_83' title='bbox 1480 2034 1798 2117; x_wconf 80' lang='grc' dir='ltr'><strong><em>διδάξαιμ’</em></strong></span> <span class='ocrx_word' id='word_1_84' title='bbox 1847 2036 1926 2099; x_wconf 70' lang='grc' dir='ltr'>ἄν</span> <span class='ocrx_word' id='word_1_85' title='bbox 1976 2036 2030 2099; x_wconf 85' lang='grc' dir='ltr'>σ’</span> <span class='ocrx_word' id='word_1_86' title='bbox 2079 2036 2190 2100; x_wconf 62' lang='grc' dir='ltr'>ἔτι.</span> 
     </span>
    </p>

    <p class='ocr_par' dir='ltr' id='par_1_4' title="bbox 406 2160 2756 2723">
     <span class='ocr_line' id='line_1_13' title="bbox 493 2160 2755 2243; baseline 0 -18"><span class='ocrx_word' id='word_1_87' title='bbox 493 2160 921 2241; x_wconf 87' lang='lat' dir='ltr'>Strepsiades</span> <span class='ocrx_word' id='word_1_88' title='bbox 977 2161 1445 2243; x_wconf 77' lang='lat' dir='ltr'>mirabundUS,</span> <span class='ocrx_word' id='word_1_89' title='bbox 1508 2163 1752 2243; x_wconf 85' lang='lat' dir='ltr'>utpote</span> <span class='ocrx_word' id='word_1_90' title='bbox 1823 2160 1938 2239; x_wconf 88' lang='lat' dir='ltr'>qui</span> <span class='ocrx_word' id='word_1_91' title='bbox 1987 2162 2188 2225; x_wconf 88' lang='lat' dir='ltr'>valde</span> <span class='ocrx_word' id='word_1_92' title='bbox 2237 2161 2369 2225; x_wconf 88' lang='lat' dir='ltr'>sibi</span> <span class='ocrx_word' id='word_1_93' title='bbox 2418 2161 2755 2242; x_wconf 86' lang='lat' dir='ltr'>placuerit</span> 
     </span>
     <span class='ocr_line' id='line_1_14' title="bbox 407 2284 2756 2367; baseline 0.001 -20"><span class='ocrx_word' id='word_1_94' title='bbox 407 2284 475 2347; x_wconf 90' lang='lat' dir='ltr'>in</span> <span class='ocrx_word' id='word_1_95' title='bbox 558 2285 1032 2365; x_wconf 83' lang='lat' dir='ltr'>excogitandis</span> <span class='ocrx_word' id='word_1_96' title='bbox 1113 2284 1392 2350; x_wconf 84' lang='lat' dir='ltr'>fallendi</span> <span class='ocrx_word' id='word_1_97' title='bbox 1475 2285 1880 2367; x_wconf 54' lang='lat' dir='ltr'>rationibus</span> <span class='ocrx_word' id='word_1_98' title='bbox 1965 2285 2374 2365; x_wconf 81' lang='lat' dir='ltr'>magistrum</span> <span class='ocrx_word' id='word_1_99' title='bbox 2460 2286 2756 2367; x_wconf 88' lang='lat' dir='ltr'>reposcit</span> 
     </span>
     <span class='ocr_line' id='line_1_15' title="bbox 408 2406 2754 2493; baseline 0.001 -21"><span class='ocrx_word' id='word_1_100' title='bbox 408 2409 745 2473; x_wconf 71' lang='lat' dir='ltr'>rationem</span> <span class='ocrx_word' id='word_1_101' title='bbox 796 2414 923 2487; x_wconf 81' lang='lat' dir='ltr'>(VS.</span> <span class='ocrx_word' id='word_1_102' title='bbox 975 2410 1161 2484; x_wconf 79' lang='grc'><strong>784);</strong></span> <span class='ocrx_word' id='word_1_103' title='bbox 1214 2412 1272 2472; x_wconf 79' lang='grc' dir='ltr'><strong><em>τί</em></strong></span> <span class='ocrx_word' id='word_1_104' title='bbox 1318 2409 1424 2472; x_wconf 82' lang='grc' dir='ltr'>δαὶ</span> <span class='ocrx_word' id='word_1_105' title='bbox 1474 2414 1628 2491; x_wconf 85' lang='grc' dir='ltr'><em>πρὸς</em></span> <span class='ocrx_word' id='word_1_106' title='bbox 1676 2422 1801 2473; x_wconf 82' lang='grc' dir='ltr'>τῶν</span> <span class='ocrx_word' id='word_1_107' title='bbox 1850 2416 2039 2493; x_wconf 69' lang='grc' dir='ltr'><strong><em>θεῶν,</em></strong></span> <span class='ocrx_word' id='word_1_108' title='bbox 2089 2406 2139 2471; x_wconf 82' lang='grc' dir='ltr'><strong><em>ὦ</em></strong></span> <span class='ocrx_word' id='word_1_109' title='bbox 2186 2412 2557 2493; x_wconf 65' lang='grc' dir='ltr'>Σώκρατες-5</span> <span class='ocrx_word' id='word_1_110' title='bbox 2619 2410 2754 2475; x_wconf 82' lang='lat' dir='ltr'>Hic</span> 
     </span>
     <span class='ocr_line' id='line_1_16' title="bbox 406 2534 2753 2615; baseline 0.001 -18"><span class='ocrx_word' id='word_1_111' title='bbox 406 2537 662 2615; x_wconf 81' lang='lat' dir='ltr'>autem,</span> <span class='ocrx_word' id='word_1_112' title='bbox 732 2550 967 2598; x_wconf 85' lang='lat' dir='ltr'>veram</span> <span class='ocrx_word' id='word_1_113' title='bbox 1038 2534 1333 2599; x_wconf 80' lang='lat' dir='ltr'>reticens</span> <span class='ocrx_word' id='word_1_114' title='bbox 1402 2551 1700 2615; x_wconf 84' lang='lat' dir='ltr'>causam,</span> <span class='ocrx_word' id='word_1_115' title='bbox 1774 2534 1945 2598; x_wconf 88' lang='lat' dir='ltr'>nihil</span> <span class='ocrx_word' id='word_1_116' title='bbox 2014 2534 2198 2599; x_wconf 89' lang='lat' dir='ltr'>aliud</span> <span class='ocrx_word' id='word_1_117' title='bbox 2264 2536 2473 2600; x_wconf 87' lang='lat' dir='ltr'>habet</span> <span class='ocrx_word' id='word_1_118' title='bbox 2531 2535 2753 2599; x_wconf 87' lang='lat' dir='ltr'>dicere</span> 
     </span>
     <span class='ocr_line' id='line_1_17' title="bbox 406 2658 571 2723; baseline 0.012 -2"><span class='ocrx_word' id='word_1_119' title='bbox 406 2658 571 2723; x_wconf 91' lang='lat' dir='ltr'>nisi:</span> 
     </span>
    </p>

    <p class='ocr_par' dir='ltr' id='par_1_5' title="bbox 404 2780 2419 2992">
     <span class='ocr_line' id='line_1_18' title="bbox 714 2780 2418 2867; baseline 0 -22"><span class='ocrx_word' id='word_1_120' title='bbox 714 2780 855 2845; x_wconf 76' lang='grc' dir='ltr'><em>ἀλλ’</em></span> <span class='ocrx_word' id='word_1_121' title='bbox 903 2786 1090 2855; x_wconf 68' lang='grc' dir='ltr'><strong><em>εὐθὺς</em></strong></span> <span class='ocrx_word' id='word_1_122' title='bbox 1136 2782 1415 2863; x_wconf 67' lang='grc' dir='ltr'>ἐπιλήθει</span> <span class='ocrx_word' id='word_1_123' title='bbox 1474 2786 1547 2845; x_wconf 85' lang='grc' dir='ltr'>σύ</span> <span class='ocrx_word' id='word_1_124' title='bbox 1595 2785 1678 2861; x_wconf 80' lang='grc' dir='ltr'>γ’,</span> <span class='ocrx_word' id='word_1_125' title='bbox 1724 2782 1860 2847; x_wconf 72' lang='grc' dir='ltr'><em>ἃττ’</em></span> <span class='ocrx_word' id='word_1_126' title='bbox 1907 2784 1986 2847; x_wconf 73' lang='grc' dir='ltr'>ἂν</span> <span class='ocrx_word' id='word_1_127' title='bbox 2037 2788 2138 2846; x_wconf 75' lang='grc' dir='ltr'>καὶ</span> <span class='ocrx_word' id='word_1_128' title='bbox 2187 2783 2418 2867; x_wconf 77' lang='grc' dir='ltr'><strong><em>μάθῃς,</em></strong></span> 
     </span>
     <span class='ocr_line' id='line_1_19' title="bbox 404 2909 2419 2992; baseline 0.001 -22"><span class='ocrx_word' id='word_1_129' title='bbox 404 2911 731 2988; x_wconf 86' lang='lat' dir='ltr'>rogatque</span> <span class='ocrx_word' id='word_1_130' title='bbox 778 2909 1043 2989; x_wconf 74' lang='lat' dir='ltr'>statim,</span> <span class='ocrx_word' id='word_1_131' title='bbox 1092 2926 1177 2972; x_wconf 91' lang='lat' dir='ltr'>ne</span> <span class='ocrx_word' id='word_1_132' title='bbox 1224 2909 1648 2974; x_wconf 86' lang='lat' dir='ltr'>contradicat</span> <span class='ocrx_word' id='word_1_133' title='bbox 1694 2909 1954 2988; x_wconf 86' lang='lat' dir='ltr'>aliquid</span> <span class='ocrx_word' id='word_1_134' title='bbox 2007 2909 2419 2992; x_wconf 86' lang='lat' dir='ltr'>discipulus:</span> 
     </span>
    </p>

    <p class='ocr_par' dir='ltr' id='par_1_6' title="bbox 482 3033 2063 3119">
     <span class='ocr_line' id='line_1_20' title="bbox 482 3033 2063 3119; baseline 0 -23"><span class='ocrx_word' id='word_1_135' title='bbox 482 3107 490 3118; x_wconf 90' lang='lat'><strong>.</strong></span> <span class='ocrx_word' id='word_1_136' title='bbox 713 3035 842 3096; x_wconf 66' lang='grc' dir='ltr'>ἐπεὶ</span> <span class='ocrx_word' id='word_1_137' title='bbox 891 3037 953 3097; x_wconf 80' lang='grc' dir='ltr'>τί</span> <span class='ocrx_word' id='word_1_138' title='bbox 1000 3039 1139 3097; x_wconf 77' lang='grc' dir='ltr'><strong><em>νυνὶ</em></strong></span> <span class='ocrx_word' id='word_1_139' title='bbox 1190 3047 1440 3116; x_wconf 76' lang='grc' dir='ltr'><strong><em>πρῶτον</em></strong></span> <span class='ocrx_word' id='word_1_140' title='bbox 1489 3034 1826 3119; x_wconf 75' lang='grc' dir='ltr'><strong><em>ἐδιδάχθης</em></strong></span> <span class='ocrx_word' id='word_1_141' title='bbox 1844 3059 1866 3110; x_wconf 90' lang='grc'>,·</span> <span class='ocrx_word' id='word_1_142' title='bbox 1911 3033 2063 3113; x_wconf 77' lang='grc' dir='ltr'><em>λέγε.</em></span> 
     </span>
    </p>

    <p class='ocr_par' dir='ltr' id='par_1_7' title="bbox 405 3156 2754 3985">
     <span class='ocr_line' id='line_1_21' title="bbox 494 3156 2752 3240; baseline 0 -20"><span class='ocrx_word' id='word_1_143' title='bbox 494 3156 838 3240; x_wconf 76' lang='lat' dir='ltr'>RusticuS,</span> <span class='ocrx_word' id='word_1_144' title='bbox 903 3158 986 3222; x_wconf 89' lang='lat' dir='ltr'>ad</span> <span class='ocrx_word' id='word_1_145' title='bbox 1048 3159 1301 3224; x_wconf 87' lang='lat' dir='ltr'>incitas</span> <span class='ocrx_word' id='word_1_146' title='bbox 1360 3159 1698 3240; x_wconf 80' lang='lat' dir='ltr'>redactuS‚</span> <span class='ocrx_word' id='word_1_147' title='bbox 1765 3161 2123 3238; x_wconf 87' lang='lat' dir='ltr'>tantopere</span> <span class='ocrx_word' id='word_1_148' title='bbox 2169 3156 2402 3222; x_wconf 91' lang='lat' dir='ltr'>animo</span> <span class='ocrx_word' id='word_1_149' title='bbox 2448 3160 2556 3222; x_wconf 89' lang='lat' dir='ltr'>est</span> <span class='ocrx_word' id='word_1_150' title='bbox 2601 3173 2752 3221; x_wconf 91' lang='lat' dir='ltr'>con-</span> 
     </span>
     <span class='ocr_line' id='line_1_22' title="bbox 409 3280 2749 3365; baseline 0.001 -23"><span class='ocrx_word' id='word_1_151' title='bbox 409 3281 747 3362; x_wconf 52' lang='lat' dir='ltr'>turbatus</span> <span class='ocrx_word' id='word_1_152' title='bbox 812 3285 893 3346; x_wconf 92' lang='lat' dir='ltr'>ut</span> <span class='ocrx_word' id='word_1_153' title='bbox 953 3299 1039 3346; x_wconf 90' lang='lat' dir='ltr'>ne</span> <span class='ocrx_word' id='word_1_154' title='bbox 1088 3299 1335 3346; x_wconf 90' lang='lat' dir='ltr'>nomen</span> <span class='ocrx_word' id='word_1_155' title='bbox 1386 3283 1661 3362; x_wconf 88' lang='lat' dir='ltr'>quidem</span> <span class='ocrx_word' id='word_1_156' title='bbox 1710 3282 2055 3365; x_wconf 80' lang='grc' dir='ltr'><em>καρδόπου,</em></span> <span class='ocrx_word' id='word_1_157' title='bbox 2107 3299 2242 3362; x_wconf 89' lang='lat' dir='ltr'>qua</span> <span class='ocrx_word' id='word_1_158' title='bbox 2289 3280 2541 3345; x_wconf 90' lang='lat' dir='ltr'>cotidie</span> <span class='ocrx_word' id='word_1_159' title='bbox 2588 3280 2749 3344; x_wconf 90' lang='lat' dir='ltr'>olim</span> 
     </span>
     <span class='ocr_line' id='line_1_23' title="bbox 409 3405 2754 3489; baseline -0.001 -20"><span class='ocrx_word' id='word_1_160' title='bbox 409 3406 749 3486; x_wconf 80' lang='lat' dir='ltr'>utebatur,</span> <span class='ocrx_word' id='word_1_161' title='bbox 814 3407 886 3471; x_wconf 93' lang='lat' dir='ltr'>in</span> <span class='ocrx_word' id='word_1_162' title='bbox 948 3406 1349 3471; x_wconf 83' lang='lat' dir='ltr'>memoriam</span> <span class='ocrx_word' id='word_1_163' title='bbox 1413 3424 1732 3471; x_wconf 87' lang='lat' dir='ltr'>revocare</span> <span class='ocrx_word' id='word_1_164' title='bbox 1780 3409 2016 3489; x_wconf 81' lang='lat' dir='ltr'>possit.</span> <span class='ocrx_word' id='word_1_165' title='bbox 2091 3407 2192 3470; x_wconf 83' lang='lat' dir='ltr'>Ex</span> <span class='ocrx_word' id='word_1_166' title='bbox 2244 3421 2378 3486; x_wconf 89' lang='lat' dir='ltr'>quo</span> <span class='ocrx_word' id='word_1_167' title='bbox 2425 3405 2754 3484; x_wconf 85' lang='lat' dir='ltr'>magister</span> 
     </span>
     <span class='ocr_line' id='line_1_24' title="bbox 407 3529 2752 3612; baseline -0.001 -19"><span class='ocrx_word' id='word_1_168' title='bbox 407 3529 581 3608; x_wconf 84' lang='lat' dir='ltr'>petit</span> <span class='ocrx_word' id='word_1_169' title='bbox 638 3533 1125 3611; x_wconf 87' lang='lat' dir='ltr'>argumentum</span> <span class='ocrx_word' id='word_1_170' title='bbox 1192 3567 1269 3575; x_wconf 95' lang='lat'><strong>—</strong></span> <span class='ocrx_word' id='word_1_171' title='bbox 1322 3531 1415 3594; x_wconf 89' lang='lat' dir='ltr'>sit</span> <span class='ocrx_word' id='word_1_172' title='bbox 1463 3530 1935 3612; x_wconf 81' lang='lat' dir='ltr'>iniustissime,</span> <span class='ocrx_word' id='word_1_173' title='bbox 1986 3531 2218 3595; x_wconf 90' lang='lat' dir='ltr'>omnia</span> <span class='ocrx_word' id='word_1_174' title='bbox 2265 3529 2520 3593; x_wconf 87' lang='lat' dir='ltr'>iniuste</span> <span class='ocrx_word' id='word_1_175' title='bbox 2568 3529 2752 3592; x_wconf 87' lang='lat' dir='ltr'>facta</span> 
     </span>
     <span class='ocr_line' id='line_1_25' title="bbox 408 3652 2748 3736; baseline 0 -20"><span class='ocrx_word' id='word_1_176' title='bbox 408 3653 475 3716; x_wconf 93' lang='lat' dir='ltr'>in</span> <span class='ocrx_word' id='word_1_177' title='bbox 508 3655 853 3720; x_wconf 88' lang='lat' dir='ltr'>comoedia</span> <span class='ocrx_word' id='word_1_178' title='bbox 899 3658 1183 3718; x_wconf 89' lang='lat' dir='ltr'>movent</span> <span class='ocrx_word' id='word_1_179' title='bbox 1228 3655 1479 3718; x_wconf 84' lang='lat' dir='ltr'>risum!</span> <span class='ocrx_word' id='word_1_180' title='bbox 1533 3692 1610 3700; x_wconf 95' lang='lat'><strong>—</strong></span> <span class='ocrx_word' id='word_1_181' title='bbox 1662 3655 2000 3720; x_wconf 90' lang='lat' dir='ltr'>rusticum</span> <span class='ocrx_word' id='word_1_182' title='bbox 2051 3671 2200 3719; x_wconf 87' lang='lat' dir='ltr'>esse</span> <span class='ocrx_word' id='word_1_183' title='bbox 2249 3652 2748 3736; x_wconf 73' lang='grc' dir='ltr'><strong><em>ἐπιλησμότατον</em></strong></span> 
     </span>
     <span class='ocr_line' id='line_1_26' title="bbox 406 3778 2748 3862; baseline 0 -21"><span class='ocrx_word' id='word_1_184' title='bbox 406 3785 509 3841; x_wconf 78' lang='grc' dir='ltr'>καὶ</span> <span class='ocrx_word' id='word_1_185' title='bbox 556 3779 926 3844; x_wconf 83' lang='grc' dir='ltr'><strong><em>σκαιότατον</em></strong></span> <span class='ocrx_word' id='word_1_186' title='bbox 974 3779 1312 3862; x_wconf 76' lang='grc' dir='ltr'>γερόντιον,</span> <span class='ocrx_word' id='word_1_187' title='bbox 1360 3797 1655 3860; x_wconf 90' lang='lat' dir='ltr'>eumque</span> <span class='ocrx_word' id='word_1_188' title='bbox 1692 3779 1928 3860; x_wconf 79' lang='lat' dir='ltr'>abigit,</span> <span class='ocrx_word' id='word_1_189' title='bbox 1965 3779 2508 3844; x_wconf 84' lang='lat' dir='ltr'>exclamantem:</span> <span class='ocrx_word' id='word_1_190' title='bbox 2547 3778 2748 3862; x_wconf 90' lang='lat' dir='ltr'>„quid</span> 
     </span>
     <span class='ocr_line' id='line_1_27' title="bbox 405 3901 2748 3985; baseline -0.001 -17"><span class='ocrx_word' id='word_1_191' title='bbox 405 3904 487 3968; x_wconf 92' lang='lat' dir='ltr'>de</span> <span class='ocrx_word' id='word_1_192' title='bbox 548 3921 659 3970; x_wconf 91' lang='lat' dir='ltr'>me</span> <span class='ocrx_word' id='word_1_193' title='bbox 720 3906 969 3970; x_wconf 90' lang='lat' dir='ltr'>misero</span> <span class='ocrx_word' id='word_1_194' title='bbox 1026 3905 1195 3970; x_wconf 82' lang='lat' dir='ltr'>fiet?</span> <span class='ocrx_word' id='word_1_195' title='bbox 1240 3910 1472 3970; x_wconf 89' lang='lat' dir='ltr'>actum</span> <span class='ocrx_word' id='word_1_196' title='bbox 1521 3908 1630 3969; x_wconf 87' lang='lat' dir='ltr'>est</span> <span class='ocrx_word' id='word_1_197' title='bbox 1677 3905 1760 3968; x_wconf 94' lang='lat' dir='ltr'>de</span> <span class='ocrx_word' id='word_1_198' title='bbox 1807 3920 1938 3985; x_wconf 80' lang='lat' dir='ltr'>me,</span> <span class='ocrx_word' id='word_1_199' title='bbox 1989 3904 2312 3983; x_wconf 87' lang='lat' dir='ltr'>quoniam</span> <span class='ocrx_word' id='word_1_200' title='bbox 2363 3919 2498 3968; x_wconf 92' lang='lat' dir='ltr'>non</span> <span class='ocrx_word' id='word_1_201' title='bbox 2546 3901 2748 3967; x_wconf 90' lang='lat' dir='ltr'>didici</span> 
     </span>
    </p>
   </div>
   <div class='ocr_carea' id='block_1_3' title="bbox 407 4037 831 4048">
    <p class='ocr_par' dir='ltr' id='par_1_8' title="bbox 407 4037 831 4048">
     <span class='ocr_line' id='line_1_28' title="bbox 407 4037 831 4048; baseline 0 1689"><span class='ocrx_word' id='word_1_202' title='bbox 407 4037 831 4048; x_wconf 95' lang='lat' dir='ltr'> </span> 
     </span>
    </p>
   </div>
   <div class='ocr_carea' id='block_1_4' title="bbox 403 4095 2754 4841">
    <p class='ocr_par' dir='ltr' id='par_1_9' title="bbox 403 4095 2754 4565">
     <span class='ocr_line' id='line_1_29' title="bbox 408 4095 2752 4174; baseline -0.001 -18"><span class='ocrx_word' id='word_1_203' title='bbox 408 4099 539 4174; x_wconf 84' lang='lat' dir='ltr'>rire,</span> <span class='ocrx_word' id='word_1_204' title='bbox 590 4117 709 4173; x_wconf 87' lang='lat' dir='ltr'>que</span> <span class='ocrx_word' id='word_1_205' title='bbox 748 4117 825 4156; x_wconf 87' lang='lat' dir='ltr'>ne</span> <span class='ocrx_word' id='word_1_206' title='bbox 866 4099 991 4156; x_wconf 86' lang='lat' dir='ltr'>suit</span> <span class='ocrx_word' id='word_1_207' title='bbox 1033 4117 1263 4157; x_wconf 87' lang='lat' dir='ltr'>aucune</span> <span class='ocrx_word' id='word_1_208' title='bbox 1306 4095 1611 4172; x_wconf 72' lang='lat' dir='ltr'>reflexion,</span> <span class='ocrx_word' id='word_1_209' title='bbox 1653 4096 1879 4174; x_wconf 70' lang='lat' dir='ltr'>rejouit</span> <span class='ocrx_word' id='word_1_210' title='bbox 1921 4099 1978 4155; x_wconf 89' lang='lat' dir='ltr'>le</span> <span class='ocrx_word' id='word_1_211' title='bbox 2021 4116 2200 4155; x_wconf 88' lang='lat' dir='ltr'>coeur</span> <span class='ocrx_word' id='word_1_212' title='bbox 2239 4102 2303 4155; x_wconf 84' lang='lat' dir='ltr'>et</span> <span class='ocrx_word' id='word_1_213' title='bbox 2342 4095 2457 4155; x_wconf 85' lang='lat' dir='ltr'>fait</span> <span class='ocrx_word' id='word_1_214' title='bbox 2499 4095 2752 4154; x_wconf 85' lang='lat' dir='ltr'>circuler</span> 
     </span>
     <span class='ocr_line' id='line_1_30' title="bbox 408 4193 2752 4273; baseline -0 -21"><span class='ocrx_word' id='word_1_215' title='bbox 408 4197 459 4253; x_wconf 93' lang='lat' dir='ltr'>le</span> <span class='ocrx_word' id='word_1_216' title='bbox 514 4215 685 4272; x_wconf 83' lang='lat' dir='ltr'>sang.</span> <span class='ocrx_word' id='word_1_217' title='bbox 761 4194 925 4254; x_wconf 86' lang='lat' dir='ltr'>C’est</span> <span class='ocrx_word' id='word_1_218' title='bbox 982 4216 1098 4254; x_wconf 90' lang='lat' dir='ltr'>une</span> <span class='ocrx_word' id='word_1_219' title='bbox 1154 4196 1423 4273; x_wconf 84' lang='lat' dir='ltr'>surprise</span> <span class='ocrx_word' id='word_1_220' title='bbox 1477 4195 1554 4254; x_wconf 91' lang='lat' dir='ltr'>de</span> <span class='ocrx_word' id='word_1_221' title='bbox 1612 4195 1786 4253; x_wconf 71' lang='lat' dir='ltr'>l’ame</span> <span class='ocrx_word' id='word_1_222' title='bbox 1829 4195 2074 4254; x_wconf 75' lang='lat' dir='ltr'>enlevee</span> <span class='ocrx_word' id='word_1_223' title='bbox 2117 4199 2152 4252; x_wconf 79' lang='lat' dir='ltr'>a</span> <span class='ocrx_word' id='word_1_224' title='bbox 2195 4195 2558 4267; x_wconf 71' lang='lat' dir='ltr'>elle-meme3</span> <span class='ocrx_word' id='word_1_225' title='bbox 2604 4193 2752 4252; x_wconf 88' lang='lat' dir='ltr'>c’est</span> 
     </span>
     <span class='ocr_line' id='line_1_31' title="bbox 405 4291 2754 4368; baseline -0.001 -18"><span class='ocrx_word' id='word_1_226' title='bbox 405 4313 630 4351; x_wconf 86' lang='lat' dir='ltr'>comme</span> <span class='ocrx_word' id='word_1_227' title='bbox 674 4312 791 4351; x_wconf 88' lang='lat' dir='ltr'>une</span> <span class='ocrx_word' id='word_1_228' title='bbox 832 4313 1111 4352; x_wconf 88' lang='lat' dir='ltr'>secousse</span> <span class='ocrx_word' id='word_1_229' title='bbox 1154 4293 1552 4351; x_wconf 84' lang='lat' dir='ltr'>involontaire</span> <span class='ocrx_word' id='word_1_230' title='bbox 1594 4293 1697 4366; x_wconf 87' lang='lat' dir='ltr'>qui</span> <span class='ocrx_word' id='word_1_231' title='bbox 1739 4291 1855 4350; x_wconf 84' lang='lat' dir='ltr'>fait</span> <span class='ocrx_word' id='word_1_232' title='bbox 1898 4291 2132 4350; x_wconf 87' lang='lat' dir='ltr'>tomber</span> <span class='ocrx_word' id='word_1_233' title='bbox 2173 4312 2326 4368; x_wconf 88' lang='lat' dir='ltr'>pour</span> <span class='ocrx_word' id='word_1_234' title='bbox 2365 4311 2449 4350; x_wconf 89' lang='lat' dir='ltr'>un</span> <span class='ocrx_word' id='word_1_235' title='bbox 2490 4295 2754 4349; x_wconf 86' lang='lat' dir='ltr'>moment</span> 
     </span>
     <span class='ocr_line' id='line_1_32' title="bbox 404 4387 2751 4468; baseline -0.001 -20"><span class='ocrx_word' id='word_1_236' title='bbox 404 4391 479 4448; x_wconf 87' lang='lat' dir='ltr'>de</span> <span class='ocrx_word' id='word_1_237' title='bbox 520 4411 630 4448; x_wconf 87' lang='lat' dir='ltr'>nos</span> <span class='ocrx_word' id='word_1_238' title='bbox 669 4391 913 4468; x_wconf 76' lang='lat' dir='ltr'>epaules</span> <span class='ocrx_word' id='word_1_239' title='bbox 956 4393 1009 4448; x_wconf 90' lang='lat' dir='ltr'>le</span> <span class='ocrx_word' id='word_1_240' title='bbox 1052 4390 1227 4467; x_wconf 87' lang='lat' dir='ltr'>poids</span> <span class='ocrx_word' id='word_1_241' title='bbox 1271 4390 1348 4448; x_wconf 89' lang='lat' dir='ltr'>de</span> <span class='ocrx_word' id='word_1_242' title='bbox 1378 4391 1434 4447; x_wconf 88' lang='lat' dir='ltr'>la</span> <span class='ocrx_word' id='word_1_243' title='bbox 1460 4389 1617 4448; x_wconf 86' lang='lat' dir='ltr'>vie.&#39;’</span> <span class='ocrx_word' id='word_1_244' title='bbox 1663 4389 1760 4448; x_wconf 89' lang='lat' dir='ltr'>En</span> <span class='ocrx_word' id='word_1_245' title='bbox 1790 4389 2099 4466; x_wconf 79' lang='lat' dir='ltr'>iudicium,</span> <span class='ocrx_word' id='word_1_246' title='bbox 2129 4391 2344 4466; x_wconf 79' lang='lat' dir='ltr'>patria,</span> <span class='ocrx_word' id='word_1_247' title='bbox 2377 4409 2527 4464; x_wconf 84' lang='lat' dir='ltr'>quae</span> <span class='ocrx_word' id='word_1_248' title='bbox 2554 4387 2751 4447; x_wconf 83' lang='lat' dir='ltr'>Rabe-</span> 
     </span>
     <span class='ocr_line' id='line_1_33' title="bbox 403 4488 1207 4565; baseline 0.004 -20"><span class='ocrx_word' id='word_1_249' title='bbox 403 4488 617 4546; x_wconf 83' lang='lat' dir='ltr'>Iasium</span> <span class='ocrx_word' id='word_1_250' title='bbox 659 4490 890 4565; x_wconf 82' lang='lat' dir='ltr'>genuit,</span> <span class='ocrx_word' id='word_1_251' title='bbox 935 4489 1207 4565; x_wconf 85' lang='lat' dir='ltr'>dignum.</span> 
     </span>
    </p>

    <p class='ocr_par' dir='ltr' id='par_1_10' title="bbox 403 4584 2747 4841">
     <span class='ocr_line' id='line_1_34' title="bbox 481 4584 2747 4665; baseline -0.001 -21"><span class='ocrx_word' id='word_1_252' title='bbox 481 4584 529 4665; x_wconf 91' lang='lat'>1)</span> <span class='ocrx_word' id='word_1_253' title='bbox 558 4585 975 4664; x_wconf 80' lang='lat' dir='ltr'>Leeuwenius‚</span> <span class='ocrx_word' id='word_1_254' title='bbox 1020 4585 1461 4645; x_wconf 87' lang='lat' dir='ltr'>Heidhuesium</span> <span class='ocrx_word' id='word_1_255' title='bbox 1503 4591 1768 4661; x_wconf 80' lang='lat' dir='ltr'>secutuS,</span> <span class='ocrx_word' id='word_1_256' title='bbox 1814 4585 2140 4662; x_wconf 78' lang='lat' dir='ltr'>Socratem,</span> <span class='ocrx_word' id='word_1_257' title='bbox 2184 4603 2304 4643; x_wconf 78' lang='lat' dir='ltr'>vss,</span> <span class='ocrx_word' id='word_1_258' title='bbox 2347 4585 2464 4643; x_wconf 85' lang='grc'>757</span> <span class='ocrx_word' id='word_1_259' title='bbox 2507 4589 2571 4642; x_wconf 88' lang='lat' dir='ltr'>et</span> <span class='ocrx_word' id='word_1_260' title='bbox 2611 4584 2747 4661; x_wconf 83' lang='lat'><strong>773,</strong></span> 
     </span>
     <span class='ocr_line' id='line_1_35' title="bbox 407 4680 2746 4762; baseline -0.001 -21"><span class='ocrx_word' id='word_1_261' title='bbox 407 4683 809 4762; x_wconf 86' lang='lat' dir='ltr'>„discipulum</span> <span class='ocrx_word' id='word_1_262' title='bbox 864 4683 1329 4743; x_wconf 82' lang='lat' dir='ltr'>absurdissimas</span> <span class='ocrx_word' id='word_1_263' title='bbox 1384 4703 1579 4760; x_wconf 80' lang='lat' dir='ltr'>nugas</span> <span class='ocrx_word' id='word_1_264' title='bbox 1636 4682 2042 4760; x_wconf 78' lang='lat' dir='ltr'>proferentem</span> <span class='ocrx_word' id='word_1_265' title='bbox 2097 4702 2206 4741; x_wconf 72' lang='lat' dir='ltr'>non</span> <span class='ocrx_word' id='word_1_266' title='bbox 2260 4682 2410 4740; x_wconf 70' lang='lat' dir='ltr'>serio</span> <span class='ocrx_word' id='word_1_267' title='bbox 2459 4680 2746 4741; x_wconf 82' lang='lat' dir='ltr'>laudare&#39;&#39;</span> 
     </span>
     <span class='ocr_line' id='line_1_36' title="bbox 403 4781 911 4841; baseline 0.004 -2"><span class='ocrx_word' id='word_1_268' title='bbox 403 4789 566 4841; x_wconf 84' lang='lat' dir='ltr'>recte</span> <span class='ocrx_word' id='word_1_269' title='bbox 608 4781 911 4841; x_wconf 83' lang='lat' dir='ltr'>observat.</span> 
     </span>
    </p>
   </div>
  </div>
 </body>
</html>
