3478 5737
1557 628 1682 695 177

442 824 514 887 et
584 823 1053 904 Strepsiadem
1116 824 1375 903 optime
1438 824 1505 887 id
1576 826 1774 906 scire,
1843 840 2091 889 caveae
2158 828 2267 889 est
2328 825 2790 890 notissimum.

448 947 911 1011 Nihilominus
979 948 1487 1028 spectatoribus
1554 950 1780 1013 utitur
1849 948 2147 1012 testibus
2213 948 2296 1013 ad
2367 947 2787 1029 probandum

442 1070 815 1137 absurdum
864 1072 929 1135 id
980 1088 1151 1153 esse,
1194 1072 1367 1151 quod
1404 1072 1777 1136 contendat
1806 1071 1923 1137 ille
1956 1071 2228 1136 Pasias:
2273 1072 2472 1155 „quid
2508 1073 2786 1137 tandem

441 1196 567 1259 sibi
632 1213 790 1259 cum
850 1212 1024 1275 equo
1085 1195 1181 1259 rei
1245 1212 1417 1276 esse,
1481 1210 1635 1259 cum
1694 1211 1935 1259 omnes
1981 1194 2208 1259 sciant
2255 1212 2326 1259 se
2375 1195 2594 1259 odisse
2643 1212 2785 1259 rem

440 1318 911 1399 equest1·e1ni”
958 1318 1224 1382 Revera
1256 1318 1320 1382 id
1356 1318 1591 1383 sciunt
1620 1322 2064 1399 spectatores,
2099 1318 2524 1399 perspiciunt
2553 1324 2787 1383 autem

440 1442 576 1507 tale
614 1450 1099 1523 argumentum
1142 1442 1239 1506 nil
1281 1442 1509 1506 valere
1540 1440 1623 1507 ad
1658 1442 2030 1507 creditores
2059 1442 2502 1521 effugiendos.
2554 1442 2789 1507 Denuo

438 1566 731 1631 creditor
772 1566 1043 1647 aspicit,
1082 1566 1482 1647 admiratur,
1524 1566 1878 1647 stupescit.
1922 1566 2314 1631 Praesentit
2345 1584 2553 1633 cavea
2587 1568 2788 1649 hune,

437 1689 599 1753 licet
650 1691 895 1755 habeat
940 1694 1049 1754 τὸν
1099 1694 1357 1771 κρείττω
1402 1688 1613 1769 λόγον,
1664 1704 1750 1775 τῷ
1803 1690 2012 1773 ἥττονι
2060 1708 2210 1755 esse
2245 1691 2786 1755 succubiturum.

438 1814 692 1878 Rident
760 1818 1181 1897 spectatores
1249 1817 1333 1879 ob
1398 1816 1639 1879 rustici
1704 1814 1970 1879 fallacis
2027 1814 2543 1896 dexteritatem,
2611 1832 2784 1895 quae

436 1939 521 2001 iis
584 1940 778 2019 quasi
824 1944 1021 2020 grata
1066 1946 1137 2005 et
1182 1946 1463 2019 accepta
1509 1942 1618 2003 est
1661 1940 1771 2021 (cf.
1819 1956 1992 2020 quae
2041 1940 2345 2003 diximus
2393 1942 2430 2019 ξ
2479 1942 2516 2003 3
2571 1940 2630 2003 h.
2684 1946 2784 2015 e.).

438 2063 800 2129 Deridetur
864 2068 1101 2129 contra
1164 2064 1459 2129 creditor
1532 2067 1806 2147 probus»,
1876 2065 1984 2129 cui
2061 2066 2268 2129 verba
2335 2064 2611 2127 dantur.
2687 2063 2780 2127 En

434 2188 689 2252 iterum
737 2189 807 2251 in
856 2188 1125 2253 theatro
1173 2191 1369 2253 totus
1416 2189 1726 2253 civitatis
1774 2188 1933 2253 ordo
1982 2188 2298 2252 funditus
2345 2202 2648 2249 eversus

524 2310 783 2376 Vident
843 2313 974 2394 ipsi
1037 2316 1481 2394 spectatores,
1546 2316 1884 2392 quantum
1955 2312 2180 2376 valeat
2227 2314 2257 2372 ὁ
2309 2310 2508 2393 ἥττων
2559 2306 2782 2389 λόγος]

437 2436 544 2499 vel
607 2437 836 2518 potius
898 2438 1031 2501 tria
1091 2437 1211 2502 illa
1270 2438 1665 2502 oratoribus
1711 2437 2098 2501 necessaria
2143 2439 2269 2515 (ve.
2314 2436 2441 2499 637
2497 2436 2781 2515 Equit.):

436 2564 689 2641 θράσος,
748 2560 999 2641 γλῶττα
1061 2563 1340 2645 εὔπορος,
1405 2567 1581 2644 φωνὴ
1630 2560 1893 2641 ἀναιδής
1917 2560 1967 2639 1)
2013 2561 2122 2641 (cf.
2173 2559 2353 2624 Part..
2400 2560 2452 2641 I,
2500 2577 2646 2640 cap.
2693 2559 2780 2642 II,

435 2688 471 2761 S
534 2686 595 2767 5,
660 2702 811 2767 pag.
878 2687 1006 2762 49).
1092 2684 1239 2750 Scit
1302 2703 1531 2766 cavea,
1596 2684 2062 2765 Strepsiadem
2125 2688 2232 2747 τὸν
2291 2684 2458 2767 ἥττω
2506 2683 2693 2764 λόγον
2741 2702 2783 2747 a

435 2808 711 2874 Socrate
770 2828 899 2875 non
962 2810 1300 2893 didicisse,
1372 2827 1615 2891 nempe
1686 2810 1865 2874 vidit
1933 2826 2088 2874 eum
2152 2826 2194 2874 a
2257 2808 2536 2874 Socrate
2599 2808 2780 2889 abigi

431 2941 556 3010 (vs.
623 2935 748 2998 783
810 2940 1002 3015 sqq.).
1077 2935 1387 3000 Concedo
1434 2935 1804 3014 agricolam
1851 2937 2342 3015 argumentum
2391 2951 2594 2999 suurn
2641 2933 2778 2998 filio

430 3057 695 3139 debere,
767 3059 1121 3139 filiumque
1192 3077 1277 3123 ex
1350 3059 1569 3138 patris
1631 3059 1947 3141 opinione
2012 3058 2568 3140 philosophorum
2631 3075 2781 3121 esse

429 3181 827 3264 alumnum3
910 3201 1151 3248 verum
1221 3183 1407 3247 enim
1478 3199 1637 3246 vero
1706 3199 1794 3246 011
1865 3199 2018 3246 mea
2085 3182 2359 3262 quidem
2433 3181 2782 3246 sententia

432 3305 661 3370 nullus
732 3323 867 3371 non
938 3310 1285 3387 spectator
1359 3306 1720 3385 intellegit,
1795 3309 1875 3369 ut
1943 3307 2112 3370 talia
2173 3305 2424 3384 aliquis
2483 3304 2780 3368 absurda

432 3447 742 3512 promere
814 3431 1040 3495 valeat
1108 3435 1537 3511 argumenta,
1607 3448 1780 3511 opus
1841 3445 1975 3493 non
2037 3447 2186 3492 csse
2248 3444 2406 3491 eum
2471 3428 2778 3506 frequen-

429 3561 615 3620 tasse
688 3555 1147 3636 philosophos.
1214 3554 1565 3618 Eiusmodi
1613 3554 1930 3634 ineptiaS,
1979 3554 2036 3616 si
2083 3553 2335 3634 accipis
2381 3569 2499 3616 eas
2544 3569 2586 3616 a
2631 3553 2779 3632 phi-

429 3680 730 3761 losophis
792 3697 1031 3744 revera
1078 3679 1321 3758 doceri,
1372 3679 1441 3742 in
1496 3679 1639 3742 vita
1685 3677 2028 3742 cotidiana
2072 3677 2378 3742 civitatis
2422 3676 2776 3742 commodo

431 3805 713 3868 minime
772 3822 971 3887 posse
1032 3820 1275 3868 nocere
1337 3803 1613 3868 dixeris
1708 3801 1886 3866 Fieri
1943 3803 2154 3883 igitur
2215 3819 2348 3866 non
2399 3805 2648 3884 potest,
2699 3804 2779 3867 ut

431 3929 601 3994 tales
663 3930 993 3994 innocuas
1054 3928 1614 3994 ratiocinationes
1676 3928 2078 4008 impugnare
2135 3927 2433 3992 voluerit
2476 3927 2777 3992 comicus

427 4057 679 4118 noster.

516 4177 1055 4242 Commonefacit
1118 4193 1319 4258 porro
1384 4177 1621 4241 Pasias
1684 4177 2018 4240 rusticum
2085 4176 2562 4241 iurisiurandi:
2610 4179 2776 4239 ἀπο-

426 4299 642 4365 δώσεὶν
707 4301 766 4381 7'
837 4305 1131 4384 ἐπώμνυς
1205 4309 1347 4375 τοὺς
1412 4306 1609 4374 θεούς.
1702 4301 1830 4365 Hic
1890 4305 2376 4381 exspectamus
2435 4299 2572 4364 tale
2629 4299 2772 4364 fere

426 4426 839 4510 Strepsiadis
925 4445 1364 4509 responsum:
1451 4427 1657 4510 „Cum
1732 4443 1851 4506 per
1919 4425 2079 4488 deos
2147 4424 2396 4505 iuravi,
2467 4422 2770 4487 nondum

426 4553 721 4616 sciebam
790 4553 951 4616 deos
1014 4554 1291 4617 omnino
1356 4569 1491 4616 non
1538 4551 1754 4616 esse.’'
1827 4549 2219 4630 Respondet
2266 4551 2496 4612 autem
2533 4546 2770 4627 priua:

725 4715 853 4722 —----

503 4798 550 4875 l)
594 4799 892 4858 Ultimum
934 4800 987 4857 si
1029 4799 1141 4858 hoc
1182 4800 1311 4858 loco
1354 4800 1630 4876 excipere
1672 4798 1844 4874 veliS,
1887 4817 1995 4874 per
2037 4816 2132 4854 me
2175 4795 2334 4853 licet..

2629 4907 2694 4960 12
