3478 5737
1532 595 1656 657 175

414 805 565 869 que,
646 788 931 853 minime
1015 804 1229 869 pares.
1339 788 1543 853 Porro
1612 804 1701 853 ex
1779 804 1879 868 eo,
1951 790 2128 868 quod
2201 789 2571 855 creditores
2639 808 2766 855 sua

420 914 570 979 vice
640 916 926 979 minime
996 914 1433 995 intellegunt,
1505 930 1639 993 qua
1706 931 1781 978 re
1851 914 2118 979 nitatur
2164 916 2403 981 rustici
2451 916 2761 997 audacia,

414 1042 837 1118 spectatores
918 1040 1158 1102 contra
1232 1038 1301 1101 id
1376 1038 1634 1103 habent
1710 1039 2082 1121 cognitum,
2159 1038 2456 1104 efficitur
2530 1040 2762 1105 omnia

412 1163 597 1226 dicta
650 1166 723 1227 et
780 1179 1104 1243 responsa
1167 1162 1365 1225 facile
1414 1178 1692 1225 movere
1742 1162 1956 1227 risum
2005 1164 2090 1227 ob
2137 1180 2420 1245 erroreS,
2470 1165 2538 1227 in
2589 1181 2761 1244 quos

410 1306 453 1350 a
514 1288 769 1351 rustico
832 1286 1139 1351 vicissim
1196 1286 1620 1350 inducuntur
1674 1286 2060 1350 creditores.
2129 1286 2366 1352 Vincit
2430 1287 2638 1367 igitur
2687 1288 2756 1351 in

414 1411 597 1475 hisce
642 1412 909 1476 scaenis
953 1380 1297 1475 iniustitia
1344 1410 1810 1493 nequitiaque,
1858 1412 1976 1475 sed
2027 1448 2089 1455 -—
2139 1413 2256 1486 qui
2304 1413 2639 1477 iniustum
2683 1430 2757 1477 se

416 1538 727 1617 praebuit
788 1540 943 1617 post
990 1535 1361 1601 creditores
1406 1538 1685 1600 abactos
1730 1536 1976 1615 gaudio
2025 1537 2616 1619 triumphaturum
2670 1554 2754 1601 ne

414 1660 858 1724 credideritis.
940 1660 1311 1739 Postquam
1383 1659 1762 1741 Amyniam
1825 1660 2330 1741 profugientem
2378 1661 2587 1725 minis
2647 1664 2757 1725 est

414 1790 835 1866 prosecutus,
896 1784 1311 1864 domumque
1372 1784 1681 1864 intravit,
1747 1784 2010 1849 Chorus
2069 1802 2313 1850 canere
2373 1786 2594 1867 coepit
2641 1786 2757 1849 illa

413 1910 572 1975 mali
620 1910 873 1975 ominis
918 1910 1129 1975 verba
1174 1914 1299 1986 (vs.
1349 1909 1578 1987 1303):

810 2032 942 2125 οἷον
990 2038 1059 2099 τὸ
1108 2034 1497 2117 πραγμάτων
1545 2036 1691 2115 ἐρᾶν
1741 2033 2041 2117 φλαύρων
2091 2050 2146 2099 e.
2171 2050 2232 2113 q.
2258 2050 2309 2097 S.

498 2158 859 2240 Rogamus,
930 2176 1099 2223 num
1168 2158 1689 2241 spectatoribUS,
1763 2158 1926 2222 dum
1997 2162 2144 2221 tam
2216 2157 2429 2221 variis
2475 2158 2757 2222 comicis
2843 2186 2848 2191 ·

410 2283 952 2363 oppositionibus
1046 2287 1412 2347 moventur
1500 2283 1802 2346 attentio
1895 2282 2229 2363 risusque,
2306 2284 2584 2362 tempus
2660 2282 2756 2345 sit

410 2406 745 2488 relictum,
817 2410 897 2471 ut
964 2408 1267 2487 cogitent
1330 2407 1413 2471 de
1476 2408 1756 2471 Socrate
1819 2407 2104 2485 eiusque
2165 2404 2612 2487 philosophia,
2669 2406 2752 2471 ad

410 2544 613 2607 quam
676 2529 907 2611 lector,
959 2530 1261 2595 Socratis
1306 2529 1854 2603 amantissimus,
1907 2529 2104 2594 unice
2153 2528 2328 2591 solet
2373 2528 2751 2610 attendere,

408 2654 812 2733 praesertim
883 2654 1043 2733 quia
1110 2655 1293 2718 inter
1352 2652 1716 2735 legendum
1779 2652 2058 2717 difficile
2121 2656 2228 2717 est
2289 2668 2560 2733 semper
2607 2652 2748 2717 vim

406 2778 731 2841 comicam
780 2778 1001 2858 ipsam
1050 2779 1221 2842 satis
1265 2778 1655 2842 aestimare.

499 2902 883 2982 Utramque
929 2891 1266 2985 scaenam,
1313 2903 1394 2966 de
1443 2919 1577 2982 qua
1623 2901 1910 2982 agimuS,
1963 2918 2098 2966 non
2147 2901 2366 2965 solum
2401 2902 2485 2965 ob
2521 2881 2764 2964 varias*

405 3027 869 3108 oppositiones
944 3043 1193 3091 caveae
1270 3026 1603 3108 placuisse
1681 3026 2058 3090 verisimile
2135 3028 2266 3106 est,
2343 3025 2460 3088 sed
2537 3025 2746 3090 etiam

408 3150 612 3214 aliam
660 3152 744 3214 ob
790 3167 1089 3232 causam,
1138 3151 1220 3215 ad
1270 3168 1476 3232 quam
1524 3151 1737 3214 lector
1783 3149 2076 3214 fortasse
2125 3167 2260 3214 non
2310 3150 2528 3229 magis
2575 3151 2750 3214 solet

406 3275 784 3339 attendere.
872 3274 1047 3340 Volo
1114 3275 1335 3356 ipsam
1397 3275 1783 3339 iniustitiae
1845 3275 2302 3354 audaciaeque
2365 3273 2749 3366 victoriam.

408 3399 647 3479 Itaque
709 3399 767 3462 si
830 3400 939 3463 cui
996 3399 1313 3464 videatur
1363 3403 1562 3479 poeta
1606 3399 1869 3462 diutius
1916 3415 2121 3477 quam
2175 3415 2296 3479 par
2342 3401 2492 3461 erat
2539 3415 2748 3463 mora-

406 3527 523 3587 tus
584 3541 733 3588 esse
795 3524 865 3587 in
928 3524 1350 3604 depingendo
1412 3523 1657 3586 effectu
1706 3522 2086 3604 sapientiae
2135 3521 2342 3602 illius,
2389 3524 2665 3606 ἀκαίρως
2709 3541 2751 3587 a

407 3649 661 3715 rustico
706 3648 1104 3730 acquisitae,
1145 3647 1541 3712 meminerit
1586 3646 1721 3729 ille,
1770 3663 2041 3728 quaes0,
2091 3663 2394 3728 caveam,
2433 3647 2750 3728 inprimis

406 3774 743 3855 ultimam,
808 3773 1177 3838 admodum
1240 3772 1585 3854 delectari,
1648 3789 1805 3835 cum
1869 3772 1940 3834 in
2004 3771 2266 3852 pulpito
2315 3772 2751 3853 impudenter

405 3897 707 3977 aliquem
744 3896 934 3962 videt
971 3896 1249 3960 mentiri
1292 3896 1399 3960 vel
1438 3898 1669 3960 astute
1706 3912 1786 3958 ac
1823 3894 2050 3958 dolose
2090 3895 2304 3960 furari
2350 3895 2450 3960 vel
2484 3897 2748 3961 occulte

404 4021 590 4086 furta
656 4021 973 4101 ligurrire
1044 4021 1155 4084 vel
1218 4023 1295 4083 ut
1357 4020 1467 4084 hic
1526 4018 1906 4083 insolenter
1967 4035 2212 4098 negare
2267 4037 2341 4085 se
2387 4021 2748 4102 pecuniam

406 4149 717 4210 mutuam
783 4145 1226 4208 redditurum.
1312 4143 1761 4224 Aristophani
1826 4142 1950 4206 hoc
2015 4143 2452 4208 notissimum
2511 4145 2745 4227 fuisse,

404 4271 687 4349 probare
748 4287 919 4350 opus
976 4286 1108 4333 non
1174 4269 1345 4348 e1·it;
1409 4269 1665 4333 scimus
1727 4267 1912 4330 enim
1983 4284 2241 4348 omnes,
2290 4285 2496 4346 quam
2547 4285 2746 4350 saepe

404 4394 915 4460 acerbissimam
972 4394 1279 4457 omnium
1330 4393 1654 4456 vitiorum
1704 4395 1964 4475 μίμησιν
2013 4393 2513 4473 spectatoribus
2559 4395 2746 4457 obtu-

403 4518 580 4600 lerit,
646 4535 780 4582 non
846 4522 922 4582 ut
983 4519 1465 4599 irascerentur,
1529 4518 1643 4580 sed
1712 4522 1791 4581 ut
1839 4518 2156 4582 riderent.
2184 4516 2232 4594 1)
2287 4517 2409 4596 (Cf.
2457 4517 2637 4582 Part.
2694 4519 2745 4600 I,

481 4776 529 4852 1)
587 4774 1049 4833 Facetissimum
1102 4791 1337 4848 quoque
1391 4779 1631 4850 poetam
1694 4772 2236 4848 Franco—gallicum
2283 4771 2422 4829 talis
2465 4773 2746 4831 vitiorum
