3478 5737
1734 565 1860 629 186

615 760 1006 842 suspicatur
1073 764 1290 842 pater,
1363 759 1480 839 qui
1549 759 1897 824 attonitus
1964 758 2309 825 exclamat
2374 766 2503 837 (vs,
2573 758 2741 823 1332
2806 763 2965 838 sq.):

2100 880 2149 947 ὦ
2196 886 2568 967 μιαρώτατε,

1067 1017 1172 1072 καὶ
1222 1022 1357 1083 πῶς
1402 1008 1628 1089 γένοιτ’
1678 1010 1757 1073 ἂν
1808 1012 2046 1093 πατέρα
2094 1014 2345 1076 τύπτειν
2394 1014 2457 1075 ἓν
2509 1010 2692 1097 δίκῃς

709 1133 1080 1214 Postquam
1145 1134 1328 1199 filius
1391 1135 1571 1217 patri
1633 1134 1942 1215 elegendi
2005 1136 2322 1218 permisit
2375 1134 2763 1216 arbitrium,
2812 1137 2969 1198 utra

618 1258 899 1323 tandem
931 1276 1018 1324 ex
1050 1259 1316 1324 duabus
1345 1261 2065 1340 argumentationibus
2098 1261 2270 1326 velit
2292 1278 2500 1326 causa
2524 1260 2763 1325 cadere
2791 1258 2969 1340 (vide

618 1381 820 1465 infra,
853 1401 932 1464 ·p.
986 1383 1152 1463 187),
1216 1383 1564 1465 paenitere
1611 1383 1837 1465 coepit
1884 1387 2153 1465 patrem
2202 1385 2378 1465 quod
2428 1384 2648 1449 filium
2696 1382 2969 1449 curavit

620 1505 1018 1571 docendum.
1101 1506 1566 1572 Nihilominus
1625 1507 1864 1572 audire
1927 1508 2240 1574 instituit
2301 1509 2422 1574 filii
2481 1508 2967 1573 defensionem.

620 1629 992 1695 Intercedit
1051 1630 1254 1696 Chori
1317 1632 1599 1712 strophe
1661 1632 2173 1714 (1345-1352),
2223 1650 2359 1714 qua
2406 1632 2589 1715 patri
2636 1632 2967 1712 significa·

621 1756 737 1818 tur
804 1753 1042 1835 filium,
1107 1754 1224 1835 qui
1286 1758 1430 1819 tam
1479 1755 1807 1820 audacter
1853 1756 2040 1836 loqui
2088 1755 2218 1822 sibi
2266 1761 2517 1838 sumat,
2566 1756 2715 1821 sine
2763 1755 2966 1819 dubio

621 1894 894 1943 causam
936 1878 1278 1958 quandam
1316 1882 1577 1944 certam
1619 1879 1867 1944 habere
1905 1879 2210 1945 fiduciae.
2262 1879 2463 1945 Chori
2501 1880 2744 1944 deinde
2776 1880 2970 1943 iussu

623 1999 1050 2081 Strepsiades
1079 2001 1304 2066 rixam
1336 2001 1623 2082 exponit
1653 2001 1853 2080 (1353
1872 2003 2166 2085 -1376).,
2199 2020 2242 2066 a
2272 2002 2411 2067 filio
2444 2002 2655 2067 semel
2688 2004 2968 2066 tantum

621 2124 1105 2205 interpellatus
1173 2130 1299 2201 (vs.
1365 2125 1538 2189 1360
1599 2129 1747 2204 sq.).
1819 2124 2034 2207 Patri,
2098 2127 2209 2190 cui
2270 2126 2639 2191 admodum
2702 2142 2974 2207 semper

622 2248 935 2330 placebat
998 2248 1369 2315 Simonidis
1429 2265 1702 2314 carmen
1768 2249 1890 2333 „de
1955 2249 2195 2314 Ariete
2260 2249 2593 2315 detonso”
2655 2287 2718 2295 -
2777 2248 2971 2314 nimi·

623 2390 778 2437 rum
839 2373 912 2438 et
972 2374 1365 2468 iuventutis
1425 2390 1592 2439 suae
1637 2374 1709 2438 et
1756 2374 1945 2439 vitae
1990 2374 2284 2455 agrestis
2330 2378 2522 2440 amat
2569 2373 2971 2439 recordatio·

625 2515 782 2563 nem
829 2534 921 2579 --,
957 2513 1216 2563 morem
1262 2514 1494 2579 gerere
1540 2498 1707 2563 illud
1758 2498 2095 2563 cantando
2136 2516 2415 2565 carmen
2447 2500 2737 2579 denegat
2768 2498 2971 2579 filius,

624 2625 695 2685 τὸ
753 2622 1092 2705 κιθαρίζειν
1136 2622 1302 2698 ᾄδειν
1351 2647 1413 2685 τε
1461 2621 1708 2686 πίνοντ’
1759 2626 2021 2708 ἀρχαῖον
2070 2640 2221 2687 esse
2268 2622 2711 2703 contendenS,
2762 2620 2971 2686 Simo·

626 2747 991 2827 nidemque
1041 2748 1300 2813 habens
1345 2752 1538 2813 κακὸν
1587 2752 1879 2833 ποιητήν.
1930 2748 2031 2813 Ne
2080 2746 2407 2829 Aeschyli
2458 2746 2735 2827 quidem
2784 2744 2971 2827 quid·

626 2889 832 2953 quam
881 2873 1169 2938 recitare
1215 2874 1275 2938 ei
1325 2874 1510 2940 libet.
1575 2873 1967 2956 compescit
2011 2873 2188 2938 iram
2238 2872 2540 2937 rusticus
2586 2872 2898 2952 petitque
2930 2886 2976 2934 a

627 2996 764 3062 filio
812 3001 890 3062 ut
935 3023 992 3060 τι
1041 3010 1166 3062 τῶν
1215 3000 1550 3082 νεωτέρων,
1596 2998 1733 3063 ἃττ’
1782 3002 1907 3063 ἐστὶ
1950 3002 2025 3062 τὰ
2065 3003 2226 3078 σοφὰ
2274 3011 2475 3060 ταῦτα
2506 2995 2708 3060 dicat.
2777 2994 2977 3059 Nunc

625 3120 869 3185 statim
932 3137 1006 3184 se
1052 3122 1390 3202 praebens
1437 3125 1755 3204 paratum
1802 3122 1987 3186 filius
2033 3137 2275 3186 canere
2322 3117 2568 3200 incipit
2614 3117 2838 3182 locum
2884 3133 2977 3181 ex

625 3243 948 3326 Euripide
994 3244 1167 3336 satis
1209 3246 1630 3311 indecorum.
1701 3245 1910 3312 Pater
1954 3245 2241 3310 filiolum
2288 3241 2618 3309 conviciis
2654 3240 2976 3319 incessit;

625 3366 867 3433 deinde
935 3367 1301 3435 maledicta
1368 3371 1440 3434 in
1515 3387 1588 3436 se
1648 3370 1946 3435 invicem
2010 3369 2306 3433 trudunt
2366 3366 2539 3444 (ἔπος
2608 3369 2761 3448 πρὸς
2828 3363 2979 3438 ἔπος

625 3491 1081 3576 ἠρειδόμεσθα),
1143 3493 1354 3558 donec
1417 3494 1602 3559 filius
1662 3494 1730 3558 in
1796 3497 2063 3575 patrem
2116 3492 2355 3573 insilit,
2410 3508 2706 3573 eumque
2758 3525 2837 3536 -
2884 3505 2975 3554 ex

624 3618 843 3699 patris
889 3617 1162 3698 quidem
1213 3619 1602 3683 narratione
1663 3656 1725 3663 —
1786 3617 2039 3700 tundit,
2087 3617 2329 3698 caedit,
2380 3615 2691 3682 suffocat.

718 3743 1026 3823 Apparet
1087 3743 1646 3824 Aristophanem,
1709 3759 1965 3824 pravae
2028 3741 2351 3806 lasciviae
2411 3741 2700 3805 minime
2756 3737 2975 3803 indul·

625 3869 922 3947 gentem,
970 3866 1188 3947 patris
1232 3883 1274 3930 a
1321 3866 1460 3931 filio
1509 3866 1833 3946 flagellati
1882 3865 2352 3947 spectaculum
2390 3865 2633 3929 offerre
2672 3861 2981 3927 noluisse

627 3989 1152 4070 spectatoribus.

719 4113 826 4178 Ab
883 4114 1067 4178 omni
1116 4115 1579 4194 praeiudicata
1624 4114 1945 4197 opinione
1992 4113 2185 4179 liberi
2236 4114 2294 4178 si
2345 4114 2650 4178 rixarum
2697 4127 2981 4176 causam

625 4254 1128 4318 percensemUS,
1177 4237 1398 4303 filium
1439 4237 1511 4303 in
1551 4239 1755 4320 culpa
1792 4253 1943 4302 esse
1982 4237 2181 4302 facile
2219 4236 2676 4302 concedimus.
2742 4233 2985 4314 Neque

625 4361 770 4426 fieri
858 4361 1102 4444 potuit,
1188 4362 1356 4442 quin
1429 4362 1533 4426 ita
1610 4379 1758 4426 rem
1835 4361 1965 4427 sibi
2046 4361 2335 4442 fingeret
2398 4363 2619 4442 poeta.
2701 4357 2981 4422 Etenim

627 4485 878 4552 habeat
921 4501 1198 4550 necesse
1247 4488 1356 4550 est
1401 4485 1585 4550 filius
1632 4501 1913 4554 causam
1962 4486 2351 4567 debiliorem,
2402 4501 2609 4565 quam
2648 4495 2759 4547 τοῦ
2790 4481 2985 4566 ἣττο-

626 4633 732 4681 νος
776 4623 900 4688 ope
947 4605 1138 4686 λόγου
1187 4607 1429 4672 reddat
1473 4609 1891 4690 superiorem.
1988 4607 2101 4672 Sic
2147 4607 2388 4672 adduci
2436 4609 2715 4670 tantum
2750 4609 2988 4686 potest

631 4733 936 4797 rusticus
1001 4732 1086 4796 ad
1151 4731 1675 4814 paenitentiam,
1746 4731 1923 4811 quod
1989 4731 2209 4795 filium
2273 4729 2498 4795 voluit
2557 4728 2776 4794 doceri
2839 4745 2986 4794 non
