3478 5737
1532 609 1658 673 189

405 805 829 866 καθεστώτων
903 805 1114 883 νόμων
1183 808 1592 886 ὑπερφρονεῖν
1663 821 1906 869 revera
1974 808 2180 889 putat
2246 812 2463 891 pater,
2526 826 2770 875 revera

403 929 654 1009 postea
721 931 1156 993 accusatores
1225 929 1729 993 contenderunt
1796 928 2001 1005 (Xen.
2073 930 2274 996 Mem.
2338 932 2389 1015 Ι,
2454 934 2516 1015 2,
2581 938 2617 1011 ἓ
2680 935 2766 1011 9).

407 1052 596 1117 Num
645 1053 1172 1135 Aristophanae,
1221 1070 1388 1116 num
1436 1056 1865 1133 spectatores
1894 1054 2031 1119 iam
2066 1072 2249 1121 nunc
2283 1056 2765 1123 crediderunt?

403 1176 482 1240 Id
531 1181 770 1242 nostra
817 1176 1050 1241 fabula
1101 1176 1384 1241 minime
1430 1177 1662 1258 docet;
1709 1177 1922 1242 immo
1968 1178 2041 1242 in
2091 1178 2361 1245 fabulae
2408 1181 2543 1246 fine
2582 1198 2764 1263 spec·

401 1302 672 1365 tatores
742 1300 1232 1383 Strepsiadem,
1304 1301 1420 1380 qui
1484 1300 1651 1365 talia
1712 1301 2093 1382 crediderit,
2158 1303 2402 1368 vident
2448 1309 2759 1370 coactum

407 1426 490 1489 ut
535 1424 894 1506 opiniones
939 1440 1103 1489 suas
1149 1423 1358 1489 falsas
1405 1424 1614 1489 faciat
1663 1425 1932 1508 misma,
1981 1426 2163 1508 licet,
2202 1444 2321 1509 spe
2360 1428 2758 1512 frustratuS,

405 1549 645 1613 ulcisci
707 1549 1036 1614 instituat
1099 1548 1450 1613 Socratem
1514 1550 1708 1629 quasi
1758 1550 2065 1615 omnium
2113 1567 2396 1616 suorum
2444 1569 2753 1619 errorum

401 1676 784 1738 auctorem.

495 1798 661 1863 Post
707 1798 831 1862 filii
883 1800 1092 1863 verba
1139 1804 1264 1875 (vs.
1317 1798 1546 1874 1405):

671 1918 847 2003 οἶμαι
894 1921 1166 1997 διδάξειν
1218 1928 1301 1997 ὡς
1348 1923 1592 1987 δίκαιον
1643 1926 1751 1987 τὸν
1802 1924 2041 2006 πατέρα
2090 1924 2402 2003 κολάζειν,

403 2048 542 2113 iam
589 2048 860 2113 mavult
903 2052 1101 2131 pater
1145 2047 1510 2129 quadrigas
1554 2046 1737 2113 alere
1786 2066 1997 2131 quam
2044 2050 2395 2131 vapulare.

494 2172 743 2255 Incipit
824 2172 1066 2237 deinde
1140 2172 1646 2253 argumentatio
1723 2180 1851 2251 (vs.
1934 2174 2149 2255 1408),
2229 2191 2433 2255 quam
2514 2176 2752 2240 statim

403 2297 652 2363 idcirco
721 2313 834 2363 τοῦ
903 2298 1162 2382 ἥττονος
1231 2315 1381 2364 esse
1450 2297 1640 2377 λόγου
1711 2300 2019 2379 apparet,
2092 2298 2254 2377 quia
2325 2298 2507 2363 filius
2570 2302 2756 2363 omni

404 2422 660 2502 pietate
723 2423 1033 2505 neglecta
1093 2441 1180 2488 ex
1242 2424 1389 2505 pari
1450 2427 1659 2503 atque
1720 2438 1939 2502 aequo
2003 2438 2159 2486 cum
2218 2426 2413 2503 patre
2460 2422 2754 2503 colloqui

403 2547 532 2611 sibi
604 2548 844 2629 sumit,
910 2549 1296 2629 omniaque,
1360 2564 1533 2627 quae
1595 2546 1799 2629 patri,
1863 2546 1995 2610 sibi
2057 2563 2275 2627 aeque
2338 2547 2541 2612 licere
2606 2565 2755 2613 con·

399 2675 816 2737 sentaneum
878 2676 1098 2755 putat.
1172 2672 1419 2753 Quidni
1485 2671 1688 2735 liceat
1750 2687 1871 2751 par
1928 2671 2075 2751 pari
2124 2671 2399 2752 referre,
2448 2672 2747 2751 primum

398 2796 764 2864 observare
827 2797 898 2860 in
960 2797 1194 2861 animo
1243 2796 1494 2860 habere
1545 2794 1843 2876 videtur,
1893 2812 2049 2857 cum
2096 2798 2290 2875 rogat
2335 2800 2463 2873 (va.
2517 2795 2747 2873 1409):

491 2926 592 2984 καὶ
645 2924 842 3005 πρῶτ’
890 2925 1189 3006 ἐρήσομαί
1235 2944 1295 2985 σε
1343 2923 1550 2986 τουτί·
1603 2920 1869 2984 παῖδά
1914 2918 1979 3001 μ’
2028 2921 2186 2984 ὄντ’
2236 2919 2622 2996 ἴτυπτεςς

399 3045 728 3112 Concedit
803 3051 1037 3129 pater3
1107 3065 1195 3112 ex
1265 3046 1350 3111 iis
1419 3049 1674 3127 autem,
1747 3061 1921 3124 quae
1991 3045 2461 3110 excusationis
2526 3046 2751 3110 instar

399 3169 625 3234 addit:
696 3177 930 3237 εὐνοῶν
1001 3197 1068 3253 γε
1139 3176 1242 3234 καὶ
1315 3171 1674 3254 κηδόμενος,
1744 3186 1949 3234 suum
2016 3168 2193 3249 petit
2260 3171 2749 3249 argumentum

403 3293 603 3376 filiUS,
673 3313 830 3362 cum
904 3297 1106 3362 dicit:
1187 3297 1550 3380 ηἷπειδήπερ
1621 3299 1690 3358 τὸ
1764 3295 2013 3358 τύπτειν
2083 3296 2246 3358 ἐστὶν
2309 3299 2564 3374 εὐνοεῖν,
2629 3311 2750 3359 cul·

402 3419 644 3486 δίκαιον
709 3438 842 3486 non
907 3426 1016 3486 est·
1080 3425 1234 3503 κάμὲ
1296 3423 1626 3486 εὒνοοῦνίΡ
1691 3423 1921 3502 ὁμοίως
1982 3423 2256 3497 τύπτειν,
2306 3423 2383 3485 ut
2430 3421 2529 3484 Sic
2576 3419 2749 3482 bene·

399 3544 578 3627 facta
623 3563 905 3627 pensem
953 3545 1372 3629 benefactis?
1432 3546 1749 3612 Alterum
1799 3562 1885 3610 ex
1934 3561 2012 3609 eo
2059 3545 2235 3626 petit
2262 3557 2747 3624 argumentum

402 3672 575 3750 quod
637 3687 854 3750 aeque
915 3671 1086 3737 liber
1147 3676 1356 3737 natus
1417 3672 1547 3736 sibi
1599 3671 1874 3736 videtur
1920 3672 2126 3748 atque
2174 3673 2402 3749 pater:
2449 3685 2747 3748 aequum

401 3795 612 3875 igitur
671 3813 808 3860 non
870 3796 1061 3860 ducit
1121 3797 1339 3878 patris
1399 3813 1646 3879 corpus
1707 3794 1971 3878 πληγῶν
2034 3799 2250 3880 ἀθῷον
2315 3811 2485 3876 esse,
2544 3811 2745 3858 suum

397 3923 627 3984 autem
679 3920 1022 3986 verberari
1072 3921 1266 4000 quasi
1314 3920 1461 4002 ipse
1507 3923 1695 3986 esset
1743 3920 1966 4001 patris
2012 3918 2453 4000 mancipium.

490 4043 714 4108 Tertio
783 4045 928 4108 loco
989 4046 1276 4125 probare
1337 4046 1628 4109 conatur
1689 4043 1872 4108 filius
1940 4060 2071 4108 non
2138 4045 2321 4108 recte
2383 4061 2557 4104 more
2618 4061 2748 4103 esse

400 4173 741 4250 receptum,
824 4170 903 4230 ut
984 4167 1121 4249 filii
1200 4168 1328 4232 hoc
1413 4167 1793 4250 patiantur.
1889 4167 2160 4231 Etenim
2245 4165 2567 4245 quoniam
2650 4166 2746 4238 δὶς

399 4291 616 4364 παῖδες
686 4296 743 4355 οἱ
790 4293 1068 4375 γέροντες
1115 4309 1488 4371 eorumque
1538 4295 1817 4372 peccata
1866 4290 2096 4354 minus
2141 4289 2531 4354 excusanda
2576 4295 2745 4352 sunt

398 4433 600 4497 quam
668 4433 1056 4498 puerorum,
1118 4416 1406 4495 aequius
1451 4418 1559 4480 est
1605 4431 1807 4479 senes
1852 4413 2117 4494 plorare
2166 4431 2370 4492 quam
2418 4413 2741 4478 iuniores⁸

399 4541 498 4605 En
560 4541 815 4605 summi
879 4541 1080 4620 pretii
1143 4542 1651 4621 argumentum,
1717 4537 1895 4618 quod
1958 4555 2047 4601 ex
2110 4541 2347 4618 poetae
2394 4538 2744 4602 sententia

396 4665 900 4746 spectatoribus
968 4664 1150 4729 cordi
1221 4681 1370 4728 esse
1442 4664 1829 4728 habendum
1902 4663 2278 4744 putaveris.
2364 4661 2465 4726 Ne
2532 4660 2743 4742 igitur

396 4789 763 4856 credideris
811 4790 918 4853 hic
967 4789 1526 4870 philosophorum
1573 4787 1941 4870 perstringi
1990 4786 2346 4868 opiniones
2392 4786 2473 4849 de
2516 4787 2743 4866 patria
