3478 5737
1503 615 1628 677 169

485 807 534 871 Ε
580 807 988 873 meditaculo
1037 808 1484 889 prodeuntem
1531 826 1781 891 magna
1826 829 1983 876 cum
2032 810 2377 891 gravitate
2424 810 2743 892 designat

392 930 742 996 Socrates:
792 928 886 995 δ’δ’
933 934 1160 1005 ἐκεῖνος
1205 935 1384 1015 ἀνήρ,
1431 951 1588 999 ecce
1633 934 1751 999 ille
1798 939 2032 1000 noster
2078 936 2187 999 vir
2219 936 2499 1015 doctus;
2541 934 2743 1016 patri-

394 1072 550 1135 que,
599 1055 816 1121 filium
861 1056 1332 1139 amplectenti,
1382 1058 1586 1121 dicit:

1101 1182 1290 1245 ἄπιθι
1339 1180 1556 1267 λαβὼν
1605 1186 1712 1245 τὸν
1762 1184 1921 1246 υἱόν.

487 1303 738 1369 Deinde
805 1306 955 1370 abit
1020 1306 1358 1373 Socrates,
1433 1290 1548 1372 'Ex
1609 1325 1708 1387 60,
1774 1308 1951 1387 quod
2019 1308 2143 1372 hoc
2207 1308 2349 1373 loco
2397 1308 2536 1373 iam
2584 1308 2743 1371 finis

391 1418 771 1509 imponitur
835 1428 1138 1495 Socratis
1182 1431 1496 1513 partibus
1555 1468 1616 1477 -
1673 1432 1747 1496 in
1795 1431 2067 1497 fabulae
2114 1431 2334 1513 exitu,
2385 1448 2519 1497 vsa.
2570 1432 2739 1496 1502

391 1555 467 1614 et
517 1552 706 1632 1504,
754 1552 926 1618 duae
965 1556 1242 1619 tantum
1283 1556 1507 1621 adhuc
1546 1555 1851 1620 Socratis
1888 1555 2431 1621 exclamationes
2460 1554 2741 1620 audiun·

391 1679 510 1739 tur
569 1714 628 1721 —
696 1676 920 1742 denuo
987 1682 1292 1762 apparet,
1364 1679 1833 1761 Strepsiadem
1898 1680 2161 1761 primas
2226 1696 2427 1760 agere
2489 1682 2741 1760 partea,

389 1799 747 1881 totiusque
817 1802 1086 1866 fabulae
1155 1820 1305 1869 esse
1371 1804 1773 1885 principem.
1867 1804 2271 1884 Sequuntur
2339 1804 2549 1869 etiam
2614 1804 2746 1868 330

391 1940 658 2005 verena,
729 1924 802 1989 in
869 1924 1122 2004 quibus
1189 1926 1386 1993 nobis
1455 1928 1837 2007 pinguntur
1906 1927 2147 1992 rustici
2210 1926 2479 1992 consilii
2544 1926 2747 1991 stulti

389 2050 688 2112 eventus
735 2049 809 2113 et
853 2050 1363 2129 consequentia.
1429 2050 1604 2131 Quid
1649 2066 1825 2133 opus
1870 2054 2057 2115 esset
2103 2052 2347 2131 poetae
2378 2052 2525 2115 tam
2558 2066 2748 2114 accu-

395 2174 616 2236 ratam
663 2174 988 2253 praebere
1035 2174 1275 2238 rustici
1323 2174 1592 2257 indolis,
1631 2174 1921 2255 consilii,
1962 2174 2551 2239 incommodorum
2584 2174 2747 2243 ima-

392 2295 645 2376 ginem,
709 2297 770 2360 si
830 2297 892 2361 ei
953 2301 1230 2363 tantum
1293 2315 1496 2363 curae
1555 2299 1806 2363 fuisset
1870 2301 1947 2363 ut
1996 2298 2327 2363 Socratici
2372 2314 2751 2377 eorumque

395 2420 800 2501 disciplinae
849 2422 1494 2503 perstringerentur.
1565 2422 1637 2488 Si
1687 2424 1815 2487 hoc
1863 2423 2199 2489 voluisset
2244 2426 2467 2505 poeta,
2518 2421 2748 2487 Socra·

395 2548 543 2610 tem
607 2546 832 2627 ipsum
897 2564 1114 2611 vanae
1176 2547 1381 2612 alicui
1444 2548 1751 2629 opinioni
1814 2548 2211 2629 obnoxium,
2268 2547 2749 2627 erroribusque

393 2672 806 2736 obstrictum
857 2672 1362 2752 spectatoribus
1407 2674 1767 2738 ostendere
1812 2675 2197 2755 oportebat.

487 2943 524 3014 ξ
570 2939 632 3003 2.
729 2939 959 3018 Pergit
1020 2937 1450 3020 Strepsiades
1511 2938 1849 3004 laetitiam
1914 2956 2113 3004 suam
2160 2939 2447 3002 effusam
2499 2938 2747 3018 signifi-

395 3079 572 3144 care,
645 3079 800 3126 cum
865 3062 1056 3128 videt
1117 3063 1238 3127 filii
1300 3063 1594 3128 colorem
1642 3064 1998 3143 pallidum,
2048 3063 2293 3127 faciem
2342 3063 2749 3146 ἓξαρνητικὴν

399 3191 508 3249 καὶ
577 3187 1002 3268 ἀντιλογικήν,
1073 3187 1182 3252 Cui
1252 3187 1419 3252 illud
1505 3191 1837 3274 ἐπιχώριον
1918 3192 2193 3271 ἀτεχνῶς
2253 3191 2551 3252 ἐπανθεῖν
2615 3187 2751 3252 iam

399 3313 530 3376 Sibi
583 3314 780 3392 fingit
829 3317 1056 3396 pater:
1107 3317 1176 3376 τὸ
1223 3315 1284 3376 τί
1335 3312 1520 3393 λέγεις
1568 3318 1644 3378 σύ
1661 3338 1682 3390 ,·
1728 3319 1833 3376 καὶ
1884 3313 2087 3377 δοκεῖν
2128 3313 2448 3378 ἀδικοῦντ’
2484 3315 2753 3378 ἀδικεῖσ-

401 3446 516 3500 θαι
563 3443 666 3500 καὶ
715 3438 1170 3521 κακουργοῦντ’
1218 3435 1287 3502 εὖ
1333 3454 1554 3504 ποιεῖν.
1585 3439 1637 3515 1)

495 3563 680 3642 Quod
729 3563 1021 3642 denique
1069 3563 1206 3628 iarn
1253 3563 1462 3628 habet
1501 3563 1683 3628 filius
1722 3581 1811 3627 ex
1852 3563 2071 3644 patrie
2100 3563 2419 3645 opinione
2451 3563 2753 3627 Atticum

401 3687 806 3768 admotum,
856 3687 1194 3752 rusticum
1239 3688 1540 3752 maximo
1579 3689 1833 3769 gaudio
1865 3689 2101 3753 afficit.
2154 3690 2459 3770 Apparet
2496 3687 2749 3752 iteruin

405 3811 581 3891 patri
645 3827 781 3874 non
845 3810 966 3874 filii
1014 3811 1470 3877 eruditionem
1534 3813 1718 3878 cordi
1783 3814 2016 3893 fuisse,
2067 3812 2182 3875 sed
2234 3825 2357 3875 τιῡν
2407 3812 2749 3875 δικανικῶν

407 3951 608 3998 usum
658 3935 1382 4016 exercitationemque,
1431 3953 1604 4016 quae
1652 3937 1722 4000 in
1774 3953 2062 4016 pravum
2114 3936 2313 4001 unice
2360 3937 2751 4000 adhiberen-

485 4197 534 4274 1)
598 4197 842 4256 Bentlei
900 4197 1242 4256 coniectura
1297 4195 1358 4255 εὖ
1417 4199 1612 4264 ποιεῖν,
1676 4219 1854 4274 quam
1898 4199 2299 4259 Leeuwenius
2340 4200 2587 4276 recepit,
2632 4200 2762 4256 sine

412 4293 596 4353 dubio
651 4295 849 4370 magis
897 4295 1098 4371 placet
1138 4315 1315 4369 quarn
1359 4296 1634 4355 codicum
1678 4297 1787 4355 ola·
1827 4297 1936 4356 ὅτι.
2000 4296 2629 4356 Animadvertendum
2670 4302 2766 4355 est

413 4411 486 4450 ex
545 4393 740 4470 patris
802 4393 1081 4468 opinione
1139 4394 1376 4451 vultum
1436 4393 1545 4452 filii
1601 4394 1784 4452 simul
1837 4413 1981 4472 prae
2036 4413 2103 4452 se
2165 4392 2325 4453 ferre
2385 4394 2765 4454 insolentiam

412 4509 706 4548 summam
763 4494 944 4564 atque
1000 4490 1377 4548 innocentiae
1437 4497 1542 4548 τοῦ
1581 4493 1664 4568 μὴ
1709 4491 2047 4556 ἀδικοῦντος
2090 4493 2371 4568 speciem,
2416 4512 2569 4568 quae
2611 4491 2766 4550 duae

411 4605 477 4645 se
517 4585 772 4663 gerendi
815 4588 1078 4645 rationes
1123 4587 1396 4665 inprimis
1440 4588 1516 4646 ab
1559 4608 1629 4647 eo
1673 4593 1817 4647 aunt
1858 4587 2253 4659 adhibendae,
2298 4591 2413 4664 cui,
2458 4594 2527 4647 ut
2556 4589 2763 4665 Strep-

413 4683 570 4741 siadj
625 4685 804 4760 patri,
860 4685 1169 4743 societatis
1223 4687 1532 4744 commoda
1585 4686 1670 4743 nil
1724 4686 1977 4762 curanti,
2023 4687 2214 4763 ipsius
2255 4687 2386 4745 iura
2428 4687 2762 4746 commoda-

413 4801 529 4859 que
572 4787 808 4842 tantum
851 4788 995 4842 sunt
1037 4783 1222 4842 cordi.
