3478 5737
1493 595 1576 656 67

373 787 652 850 huiusce
699 787 1250 865 investigationis
1296 787 1720 866 diligentiam
1770 789 1989 852 totius
2036 790 2308 885 fabulae
2341 791 2701 854 consilium

371 909 818 989 neglexerint.

461 1034 943 1115 „Praecipuum
973 1036 1136 1098 etin
1165 1052 1293 1115 quo
1323 1052 1588 1098 summa
1623 1037 1824 1100 totius
1854 1037 2123 1117 fabulae
2154 1037 2589 1102 contineretur
2634 1075 2690 1083 -„

367 1157 462 1220 sic
525 1157 968 1222 Hermannus
1008 1158 1057 1228 1)
1122 1195 1200 1204 —-
1249 1160 1584 1224 inventum
1631 1160 1805 1224 illud
1851 1164 1977 1241 est,
2028 1177 2159 1239 quo
2209 1161 2372 1224 duos
2418 1164 2707 1226 oratores

367 1281 435 1343 in
521 1282 1104 1346 concertationem
1191 1283 1529 1348 committi
1604 1283 1941 1365 videmus,
2012 1284 2306 1348 alterum
2378 1285 2703 1362 antiquae

365 1404 764 1486 disciplinae
832 1384 1278 1488 defensorem,
1347 1407 1664 1488 alterum,
1730 1407 1845 1486 qui
1909 1407 2209 1472 novitios
2272 1424 2494 1470 mores
2554 1425 2703 1472 con·

365 1529 734 1610 iunctaque
779 1548 934 1595 cum
984 1532 1070 1594 iis
1117 1532 1373 1611 flagitia
1417 1533 1949 1596 commendaret.
2001 1532 2087 1596 Et
2134 1535 2241 1596 est
2278 1531 2393 1596 illa
2434 1532 2703 1596 tabulae

367 1671 520 1734 pars
579 1654 882 1735 profecto
941 1655 1510 1737 eminentissima,
1561 1657 1863 1720 maxime
1912 1660 2186 1737 propter
2226 1658 2703 1736 pravissimum

363 1778 556 1842 illum
628 1779 794 1843 iusti
863 1781 1156 1844 oratoris
1223 1797 1631 1862 sermonem,
1703 1796 1835 1858 quo
1906 1779 2028 1842 vix
2098 1779 2467 1858 quidquam
2540 1779 2698 1858 fingi

363 1902 778 1981 praeclarius
826 1904 1070 1984 potuit.
1102 1949 1156 1967 ..
1203 1903 1333 1968 Sed
1382 1904 1564 1967 hunc
1612 1903 2015 1981 (Socratem)
2064 1903 2193 1967 etsi
2228 1902 2461 1967 inania
2490 1906 2699 1982 atque

362 2027 595 2106 inepta
641 2027 996 2091 docentem
1045 2027 1210 2092 fecit
1255 2034 1370 2105 (sc.
1420 2027 1663 2108 poeta),
1709 2031 1967 2106 tamen,
2016 2027 2212 2090 credo
2260 2027 2437 2106 quod
2480 2044 2700 2106 neque

357 2151 580 2231 ipsum
639 2153 894 2215 malum
955 2170 1103 2232 esse,
1161 2171 1269 2215 nec
1321 2151 1548 2232 turpia
1593 2153 1869 2216 suadere
1915 2151 2423 2216 adolescentibus
2468 2151 2697 2233 sciret,

365 2291 496 2337 non
547 2274 754 2338 finxit
799 2275 1026 2354 ipsum
1075 2275 1245 2339 istos
1291 2292 1517 2339 mores
1563 2276 2182 2356 commendantem,
2215 2324 2227 2338 .
2260 2325 2272 2338 .
2300 2323 2315 2336 .
2360 2275 2475 2339 sed
2524 2277 2701 2340 dedit

361 2397 474 2461 hoc
531 2400 864 2479 neyotium
927 2401 1046 2463 uni
1106 2401 1375 2464 illorum
1436 2404 1801 2479 oratorum,
1865 2417 2035 2478 quos
2092 2399 2270 2480 apud
2334 2417 2491 2463 eum
2550 2417 2698 2463 esse

361 2521 558 2603 dixit,
623 2539 912 2602 quorum
976 2523 1153 2588 alter
1213 2524 1400 2587 iusta
1459 2527 1667 2602 atque
1728 2524 2039 2604 honesta,
2096 2522 2270 2587 alter
2318 2523 2577 2588 iniusta
2620 2541 2697 2588 ac

360 2647 587 2726 turpia
633 2647 1093 2711 defenderet.”

445 2770 546 2833 Ad
635 2787 734 2833 VS.
823 2771 992 2834 1105
1078 2770 1456 2834 rectissime
1528 2771 1690 2833 haec
1761 2771 2160 2834 annotavit:
2246 2770 2433 2853 „Non
2515 2772 2699 2852 apud

359 2892 714 2959 Socraticos
749 2896 1145 2977 perfuqium
1190 2896 1451 2977 quaerit
1497 2895 1722 2958 iustus
1769 2899 2016 2976 orator,
2066 2895 2313 2976 quippe
2360 2913 2401 2957 a
2449 2896 2698 2974 quibus

357 3019 639 3100 exierat,
690 3036 911 3099 neque
961 3020 1028 3083 hi
1077 3024 1241 3083 sunt
1287 3022 1660 3100 κινούμενοι,
1707 3020 1823 3083 sed
1872 3022 2279 3102 spectatores.
2352 3018 2527 3083 Nam
2576 3021 2693 3084 ubi

359 3142 586 3205 omnia
655 3142 856 3223 plena
925 3143 1114 3208 videt
1182 3144 1492 3208 mollium
1564 3148 1637 3207 et
1692 3144 2249 3208 effeminatorum
2315 3144 2693 3225 hominum,

359 3266 724 3345 perniciem
773 3266 903 3330 sibi
951 3270 1287 3349 metuenS,
1339 3270 1408 3331 111
1460 3270 1697 3331 horum
1739 3268 2051 3348 partibus
2077 3266 2378 3351 accedat,
2412 3266 2695 3331 simulat

359 3406 428 3451 se
495 3392 760 3453 vestem
826 3390 912 3454 iis
972 3393 1544 3456 transmissurum
1591 3408 1764 3472 esse,
1813 3408 1946 3469 quo
1993 3390 2373 3471 expeditior
2419 3390 2563 3470 ipse
2610 3392 2693 3461 ad

359 3530 587 3577 eorum
675 3532 950 3594 gregem
1035 3517 1390 3597 perfugere
1473 3516 1710 3597 possit.
1803 3515 1913 3579 Sic
1981 3516 2255 3579 demum
2328 3514 2438 3578 hic
2508 3514 2695 3577 locus

359 3638 596 3717 cliynus
673 3642 768 3703 est
841 3640 1315 3723 Aristophanis
1385 3641 1763 3723 petulantia
1838 3643 1911 3703 et
1986 3624 2397 3704 acerbitate.’⁵
2490 3637 2691 3715 (Vide

359 3779 526 3841 quae
587 3764 1110 3829 observavimus
1172 3784 1228 3829 c.
1294 3766 1358 3830 11
1416 3772 1452 3843 g
1500 3768 1561 3847 6,
1612 3784 1673 3846 p.
1727 3766 1811 3827 53
1860 3781 1959 3843 sq.
2010 3764 2090 3827 de
2142 3764 2343 3827 verbo
2392 3764 2692 3841 δέξασθε.)

443 3988 478 4059 ἓ
526 3986 586 4047 9.
684 3984 1038 4049 Postremo
1108 3988 1217 4047 est
1293 3986 1981 4049 animadvertendum
2058 3986 2195 4049 iam
2260 3986 2590 4067 EssnRUM,
2640 3986 2689 4061 2)

355 4108 613 4187 optimo
673 4107 822 4171 iure
872 4110 950 4172 ut
997 4108 1167 4172 1111111
1219 4108 1512 4191 videtur,
1563 4110 1919 4189 negavisse
1966 4113 2235 4189 praeter
2284 4110 2691 4191 parabaseos

355 4234 615 4310 partem
690 4248 788 4294 vs.
859 4232 1208 4295 514-558
1278 4234 1680 4311 (518-562)
1744 4234 2117 4312 quidquam
2177 4252 2217 4297 a
2281 4236 2481 4314 poeta
2540 4251 2689 4297 esse

356 4362 704 4419 novatum.
755 4355 1204 4419 Leeuwenius
1250 4356 1554 4420 eiusdem
1601 4361 1708 4421 est
1755 4358 2137 4421 sententiae
2186 4358 2292 4434 (cf.
2341 4358 2489 4421 eius
2527 4358 2687 4421 edit.

351 4478 428 4541 ad
477 4496 580 4542 VS.
630 4480 758 4542 518
804 4480 1159 4543 annotatio
1209 4481 1310 4544 uti
1354 4484 1424 4544 et
1473 4480 1999 4560 prolegomena).

427 4662 474 4738 1)
517 4660 716 4721 Praef.
761 4661 838 4718 ad
879 4660 1088 4720 Nubes
1135 4664 1305 4737 1830,
1350 4682 1486 4737 pag.
1533 4662 1699 4719 XLI.

425 4761 476 4833 2)
517 4760 614 4817 De
675 4779 762 4835 pr.
809 4765 872 4817 et
914 4760 1017 4817 alt.
1061 4779 1214 4834 quae
1255 4759 1449 4819 fertur
1489 4758 1645 4817 Nub.
1692 4760 1975 4834 editione,
2022 4760 2266 4819 Bonnae
2314 4762 2482 4835 1823,
2528 4780 2584 4836 p.
2631 4764 2684 4817 8.
