3478 5737
1482 644 1601 707 121

363 836 652 901 minime
733 836 1104 901 credidisse
1188 838 1368 901 deas.
1479 836 1733 901 Tamen
1822 837 1894 900 hi
1966 854 2209 901 versus
2276 838 2509 903 omitti
2582 856 2717 903 non

367 964 682 1042 possunt.

455 1086 684 1149 Primo
765 1087 894 1149 loco
979 1085 1464 1167 primariarum
1541 1086 2044 1149 sententiarum
2124 1086 2551 1167 iterationeS,
2635 1088 2716 1151 de

365 1210 620 1289 quibus
681 1213 920 1290 postea
976 1209 1370 1274 accuratius
1431 1208 1841 1290 videbimuS,
1908 1210 1979 1273 in
2042 1212 2317 1276 theatro
2368 1229 2501 1275 non
2551 1215 2719 1275 sunt

365 1351 938 1415 supervacaneae,
1002 1334 1058 1397 si
1123 1334 1400 1413 quidem
1461 1333 1734 1398 fabulae
1796 1352 2163 1421 summam·
2204 1336 2513 1415 intellegi
2564 1335 2718 1400 vult

365 1460 626 1522 auctor.
699 1458 849 1522 Vsu.
910 1458 1042 1521 330
1101 1458 1326 1522 denuo
1387 1458 1714 1522 certiores
1776 1460 1953 1523 fiunt
2000 1462 2427 1541 spectatores
2473 1460 2715 1524 rustici

365 1600 532 1647 voce
596 1588 669 1647 et
733 1583 992 1661 habitu,
1049 1582 1520 1647 venerationis
1568 1582 1789 1663 plene,
1838 1600 1997 1647 eum
2045 1583 2342 1666 priorem
2392 1601 2585 1648 suam
2636 1584 2717 1647 de

367 1706 684 1771 Nubibus
736 1707 1126 1788 Opinionem
1175 1711 1316 1782 (eas
1362 1724 1513 1771 esso
1561 1706 1827 1791 ὁμίχλην
1879 1713 1983 1770 καὶ
2033 1709 2255 1791 δρόσον
2306 1713 2410 1771 καὶ
2446 1712 2717 1785 καπνόν)

364 1830 502 1895 iam
549 1831 884 1911 omisisse,
935 1848 1090 1895 cum
1141 1829 1312 1910 ipsis
1357 1830 1578 1895 oculis
1615 1832 1853 1896 videat
1890 1850 2010 1897 eas
2048 1832 2297 1898 habere
2348 1834 2717 1897 mulierum

365 1954 684 2035 speciem.
754 1954 998 2019 Deinde
1062 1989 1138 1999 —
1208 1954 1386 2033 quod
1455 1958 1663 2036 caput
1722 1960 1833 2020 est
1894 1958 1991 2021 rei
2060 1993 2141 2002 —
2202 1974 2359 2021 cum
2408 1957 2519 2021 his
2564 1974 2717 2021 sen-

368 2078 614 2143 tentiis
673 2078 812 2142 iam
873 2078 1062 2143 notis
1117 2077 1591 2157 coniungenda
1651 2082 1803 2143 erat
1849 2079 2254 2144 facetiarum
2302 2081 2377 2145 cle
2422 2080 2717 2145 Nubiaecm

369 2200 598 2279 forma
645 2200 858 2263 series
903 2205 1030 2276 (vs.
1080 2200 1478 2279 341—355).

457 2322 558 2388 Ut
618 2340 898 2405 prorsus
959 2325 1370 2405 persuadeat
1439 2326 1696 2391 rustico
1767 2327 2001 2392 Nubes
2047 2329 2209 2393 deas
2254 2346 2425 2409 esse,
2473 2330 2719 2410 arripit

370 2448 692 2512 Socrates
768 2448 1193 2513 occasionem
1271 2448 1543 2528 planius
1617 2451 1829 2515 etiam
1909 2470 2113 2531 quam
2194 2471 2295 2516 vs.
2368 2454 2497 2517 31ss
2568 2471 2716 2533 sqq.

370 2572 754 2653 enarrandi,
819 2574 1235 2653 quibusnam
1298 2574 1747 2639 facultatibus
1808 2576 1970 2641 deae
2036 2576 2267 2642 Nubes
2327 2578 2471 2642 sint
2534 2596 2717 2659 prae-

369 2698 586 2761 ditae:
657 2700 893 2779 „alunt
952 2698 1318 2779 sophistaS,
1382 2703 1583 2763 vates
1641 2700 2003 2782 ThurinOS,
2054 2703 2373 2785 medicos,
2424 2721 2715 2783 scurraS,

369 2825 609 2904 poetas
653 2822 1218 2905 dithyrambicOS,
1265 2822 1706 2907 philosophos
1752 2826 1835 2891 de
1874 2828 2077 2892 rebus
2114 2829 2444 2894 aetheriis
2482 2830 2715 2894 fucum

370 2949 770 3028 vendenteS,
850 2949 1050 3012 hosce
1125 2965 1366 3013 omnes
1438 2952 1637 3016 alunt
1703 2953 1959 3017 otiosos
2028 2957 2099 3018 et
2170 2954 2343 3018 nihil
2411 2960 2715 3035 agentes,

370 3073 560 3150 grato
613 3071 848 3136 animo
893 3071 1158 3151 ductae,
1210 3073 1534 3151 quoniam
1581 3077 1667 3140 ab
1715 3075 1801 3140 iis
1848 3077 2169 3142 laudibus
2213 3079 2717 3144 celebrantur.''

374 3195 960 3274 Quemadmodum
1023 3199 1055 3258 ὁ
1122 3199 1376 3270 Δίκαιος
1437 3201 1674 3276 Λόγος,
1743 3199 1839 3264 sic
1886 3201 1953 3264 h.
2004 3201 2047 3264 1.
2096 3202 2352 3266 iterum
2400 3203 2719 3267 Socrates

372 3319 586 3400 ipsius
654 3321 886 3384 studia
956 3322 1024 3385 in
1091 3321 1465 3387 ludibrium
1528 3324 1743 3389 vertit
1804 3326 1915 3401 (cf.
1980 3343 2155 3404 quae
2217 3344 2427 3407 supra
2474 3345 2537 3406 p.
2592 3328 2718 3392 116

373 3443 506 3509 iam
557 3446 1098 3521 annotavimus).
1147 3447 1338 3510 Inter
1384 3447 1745 3528 legendum
1796 3448 1966 3512 talia
2015 3448 2235 3513 multo
2284 3450 2507 3530 magis
2546 3451 2723 3514 seria

373 3569 566 3633 nobis
627 3568 846 3633 videri
908 3586 1114 3648 quam
1179 3571 1237 3634 si
1299 3571 1370 3634 in
1434 3571 1698 3652 pulpito
1746 3572 1975 3651 ipsum
2026 3574 2467 3652 personatum
2520 3573 2717 3652 quasi

374 3693 640 3773 proprio
704 3693 920 3758 Marte
979 3695 1300 3758 audimus
1362 3695 1684 3776 proferre,
1748 3695 1980 3774 negari
2046 3711 2179 3758 non
2241 3699 2489 3776 potest.
2562 3697 2719 3762 Alia

375 3832 480 3880 τοῦ
549 3821 856 3881 σκώπτειν
927 3823 1012 3891 εἰς
1075 3817 1298 3882 ἑαυτόν
1366 3817 1684 3898 exempla
1754 3818 2011 3900 passim
2081 3819 2151 3882 in
2226 3819 2717 3900 Aristophanis

375 3942 827 4007 inveniuntur
870 3944 1267 4024 comoediis;
1316 3945 1402 4008 cf.
1450 3961 1506 4007 e.
1555 3961 1650 4022 gr.
1701 3961 1803 4006 VS.
1852 3945 1981 4008 834
2031 3961 2200 4024 sqq.,
2252 3945 2368 4008 ubi
2417 3945 2719 4010 rusticus

375 4065 588 4146 ipsius
669 4067 1060 4146 squalorem
1129 4067 1656 4147 avaritiamque,
1727 4067 1822 4130 sit
1890 4067 2226 4148 nesciens,
2297 4070 2684 4133 subsannat
2702 4093 2719 4148 3

379 4207 474 4254 vs.
529 4191 682 4272 540,
733 4191 846 4255 ubi
895 4195 1097 4271 poeta
1142 4207 1339 4254 suam
1387 4190 1533 4271 ipse
1579 4190 1818 4254 irridet
1863 4189 2241 4272 calvitiem,
2288 4192 2455 4270 quin
2502 4193 2713 4257 etiam

377 4320 603 4380 nostro
675 4315 818 4380 1000
878 4315 1111 4380 verbis
1157 4314 1430 4378 κυκλίων
1487 4341 1548 4378 τε
1601 4327 1802 4399 χορῶν
1851 4319 2390 4401 ᾀσματοκάμπτας
2444 4321 2715 4397 poetam

377 4437 552 4503 inter
599 4437 954 4502 Musarum
1001 4439 1300 4503 cultores
1346 4456 1420 4503 se
1466 4440 1692 4520 ipsum
1744 4457 1879 4504 non
1928 4439 2313 4520 relinquere
2352 4441 2715 4523 intactum,

379 4561 541 4626 satis
607 4567 912 4644 apparet.
1007 4565 1114 4626 An
1186 4563 1418 4644 potius
1485 4563 1704 4627 credis
1774 4563 2309 4643 Aristophanem
2384 4602 2445 4609 —
2520 4565 2719 4629 cuius

382 4685 588 4764 ipsius
663 4688 1050 4752 comoediae
1120 4687 1616 4752 absurdissima
1675 4689 2008 4752 exhibent
2071 4689 2358 4753 inventa
2421 4690 2617 4768 quasi
2681 4708 2718 4754 c

379 4811 650 4875 nubibas
710 4812 934 4892 petita
995 4829 1216 4891 neque
1265 4826 1514 4876 καπνοῦ
1561 4819 1688 4890 (VS.
1737 4813 1891 4888 320)
1940 4818 2042 4875 καὶ
2092 4828 2269 4885 σκιᾶς
2318 4818 2421 4875 καὶ
2470 4813 2717 4898 φληνά-
