3478 5737
1537 596 1660 659 173

419 790 752 854 mundum
792 808 1070 855 sursum
1110 792 1428 856 deorsum
1469 808 1749 857 versum
1783 791 2079 857 libenter
2112 791 2618 873 Aristophanes
2648 808 2769 874 pro

419 932 544 979 sua
613 915 1030 996 procacitate
1095 916 1596 997 spectatoribus
1655 915 1983 997 ostendit,
2047 931 2297 995 eosque
2362 915 2646 981 adducit
2692 920 2773 981 ut

415 1040 500 1103 ad
548 1040 858 1121 ipsorum
903 1040 1394 1120 societatisque
1441 1040 1616 1105 vitia
1653 1040 2025 1105 attendant
2060 1038 2394 1103 animum.
2444 1038 2771 1105 Omnium

419 1165 666 1229 harum
725 1165 1070 1229 fraudium
1127 1180 1574 1244 errorumque
1623 1163 1985 1244 Sophistas
2032 1162 2142 1226 vel
2192 1161 2577 1227 Socraticos
2622 1180 2771 1227 auc-

417 1291 603 1351 tores
680 1305 830 1353 esse
900 1306 1014 1353 ne.
1045 1288 1115 1353 in
1179 1292 1488 1353 mentem
1559 1288 1835 1368 quidem
1906 1287 2142 1352 venire
2212 1286 2333 1351 ulli
2398 1288 2768 1369 spectatori

415 1415 666 1493 potest.
761 1412 886 1476 Est
947 1412 1394 1494 Strepsiades,
1459 1412 1576 1492 qui
1643 1412 1963 1494 inprimis
2032 1412 2117 1475 ob
2186 1413 2527 1493 propriam
2604 1413 2769 1476 stul-

415 1535 647 1600 titiam
731 1537 1250 1616 nequitiamque
1324 1536 1609 1618 ridetur,
1687 1554 1813 1601 sua
1888 1536 2108 1617 ipsius
2183 1553 2473 1617 persona
2548 1537 2770 1601 totius

417 1659 648 1740 populi
698 1660 1194 1741 quodammodo
1241 1662 1581 1741 praebens
1626 1662 2023 1741 imaginem.

501 1784 934 1850 Didiceratne
997 1803 1240 1851 revera
1303 1786 1749 1868 Phidippides
1811 1785 1999 1850 illam
2058 1784 2141 1849 de
2202 1782 2311 1870 ’ἕνῃ
2382 1811 2444 1848 τε
2507 1789 2609 1848 καὶ
2658 1786 2767 1869 νέᾳ

411 1909 792 1973 doctrinam
852 1928 895 1975 a
957 1910 1288 1975 Socrate?
1369 1910 1604 1975 Credit
1649 1914 1846 1993 pater
1892 1910 2243 1993 nimirum,
2293 1911 2411 1990 qui
2460 1911 2763 1976 nondum

413 2052 539 2098 suo
585 2051 810 2099 errore
857 2039 967 2100 est
1014 2037 1370 2101 liberatus.
1422 2035 1815 2101 Creduntne
1864 2036 2343 2115 spectatores?
2391 2035 2761 2101 Habentne

412 2159 544 2222 sibi
605 2175 1008 2239 persuasum
1073 2158 1284 2223 talem
1352 2158 1838 2224 vocabulorum
1896 2156 2007 2243 (ἕνη
2054 2186 2115 2224 τε
2162 2164 2265 2223 καὶ
2314 2163 2425 2225 νέα
2472 2159 2769 2241 explica-

411 2283 691 2363 tionem,
757 2285 952 2348 cuius
1011 2284 1512 2349 absurditatem
1573 2283 1702 2365 ipsi
1754 2286 1992 2349 statim
2042 2284 2479 2367 intellegunt,
2530 2302 2769 2349 revera

412 2425 502 2471 ex
563 2409 812 2473 intima
878 2408 1432 2489 philosophorum
1483 2409 1845 2491 provenire
1896 2411 2355 2492 persuasione,
2404 2414 2527 2475 aut
2586 2448 2647 2455 —
2706 2411 2763 2473 si

411 2534 636 2597 mavis
695 2570 753 2579 -
817 2532 940 2597 tali
987 2532 1609 2613 argumentationis
1655 2534 1971 2614 exemplo
2019 2538 2249 2599 totum
2294 2533 2767 2616 philosophiae

410 2657 722 2721 studium
786 2656 1101 2736 cognosci
1163 2658 1413 2739 posse?
1485 2657 1660 2721 Fieri
1727 2675 1863 2723 non
1927 2662 2175 2740 potest.
2264 2658 2510 2723 Sciunt
2579 2659 2762 2723 enim

409 2781 485 2843 et
521 2780 872 2845 Socratem
913 2782 986 2844 et
1025 2780 1322 2846 Chorum
1364 2782 1435 2846 et
1472 2782 1688 2846 filium
1731 2782 1798 2845 id
1839 2800 2057 2861 agere,
2105 2786 2184 2848 ut
2216 2783 2517 2847 rusticus
2554 2800 2767 2864 prava

409 2922 538 2968 sua
619 2905 906 2969 consilia
989 2905 1320 2986 supplicio
1407 2907 1664 2988 expiet,
1742 2908 1974 2971 sciunt
2040 2907 2163 2971 filii
2233 2906 2765 2988 explicationem.

409 3029 586 3093 nihil
647 3028 830 3093 aliud
896 3035 1205 3110 spectare
1253 3031 1383 3094 nisi
1437 3037 1514 3095 ut
1560 3032 1780 3110 magis
1827 3032 2034 3096 etiam
2086 3032 2501 3112 illaqueetur
2548 3037 2765 3112 pater.

413 3152 660 3217 Facete
729 3169 878 3217 esse
947 3155 1334 3234 inventum,
1407 3156 1584 3234 quod
1654 3156 1971 3238 perhibet
2043 3157 2244 3237 filius,
2315 3156 2763 3236 intellegunt;

409 3295 708 3356 aequum
775 3278 918 3341 sore
979 3279 1036 3341 si
1085 3279 1366 3342 daretur
1414 3278 1851 3358 litigantibus
1896 3284 2173 3360 tempus
2220 3280 2315 3344 rei
2364 3296 2763 3360 componen-

411 3402 541 3466 dae
601 3402 846 3483 gratia,
910 3403 1242 3467 sentiunt.
1331 3403 1441 3467 Nil
1503 3407 1738 3468 autem
1801 3405 1884 3468 ad
1950 3421 2094 3468 rem
2154 3403 2477 3485 pertinet,
2528 3407 2763 3468 utrum

411 3527 544 3590 sibi
609 3527 871 3606 fingant
933 3527 1281 3591 Socratem
1341 3529 1516 3593 forte
1565 3529 1842 3593 fortuna
1889 3546 2039 3593 eam
2088 3529 2466 3592 doctrinam
2518 3527 2762 3592 falsam

411 3652 616 3732 paulo
684 3654 850 3716 ante
914 3653 1051 3716 filio
1115 3653 1586 3717 insusurrasse
1645 3671 1734 3718 an
1799 3653 2017 3735 ipsius
2063 3653 2185 3717 filii
2232 3652 2763 3718 festivissimum

409 3793 562 3840 esse
641 3776 1077 3841 mendacium
1153 3777 1546 3858 opinentur.
1661 3778 1765 3841 Ad
1844 3777 2327 3858 explicationis
2401 3777 2760 3842 consilium

409 3901 614 3966 unice
671 3902 1048 3965 attendunt
1114 3905 1554 3981 spectatores.
1639 3901 2147 3983 Philosophiam
2215 3902 2431 3983 ipsam
2498 3919 2577 3966 eo
2638 3902 2765 3966 for-

411 4029 599 4089 tasse
691 4024 1048 4106 paululum
1127 4026 1519 4106 perstringi,
1599 4027 1777 4106 quod
1855 4025 2293 4107 Phidippides
2369 4025 2650 4106 fingitur
2724 4041 2767 4090 a

413 4147 692 4212 Socrate
754 4165 908 4211 eam
955 4148 1350 4228 disputandi
1399 4149 1734 4214 rationem
1785 4149 2125 4231 didicisse,
2173 4167 2257 4214 en
2307 4150 2482 4229 quod
2532 4150 2766 4213 minus

411 4273 638 4350 tangit
697 4275 1137 4352 spectatoreS,
1205 4273 1318 4352 qui
1387 4290 1518 4336 non
1586 4273 1805 4337 ridere
1870 4273 2093 4337 solent
2156 4291 2263 4336 res
2326 4290 2761 4354 personasve,

411 4413 586 4476 quae
664 4395 912 4460 merito
997 4401 1432 4460 occaecatum
1516 4398 1815 4476 aliquem
1904 4399 2161 4462 maiore
2246 4399 2453 4462 etiam
2536 4416 2765 4462 errore

411 4521 768 4602 implicare
817 4521 1120 4600 student,
1171 4522 1286 4584 sed
1339 4521 1791 4602 illaqueatum
1838 4523 2088 4602 ipsum.

507 4643 792 4709 Summa
861 4645 1129 4709 laetitia
1197 4645 1557 4709 exsultans
1620 4663 1861 4710 canere
1927 4646 2151 4727 coepit
2211 4649 2405 4726 pater
2465 4663 2762 4728 carmen,

413 4770 490 4833 in
535 4775 672 4848 quo
719 4786 792 4833 se
839 4769 1068 4850 ipsum
1115 4771 1198 4833 ob
1249 4771 1586 4851 propriam
1639 4771 2051 4851 sapientiam
2087 4771 2345 4850 filiique
2377 4771 2759 4836 doctrinam
