3478 5737
1488 579 1613 642 127

375 776 573 853 poeta
637 770 987 835 Socratem
1050 774 1195 835 tam
1256 772 1481 835 acutis
1526 771 1908 853 lepidisque
1953 774 2123 839 facit
2169 776 2482 841 utentem
2531 794 2722 857 argu·

374 896 647 977 mentia,
712 901 792 959 ut
852 895 1285 975 Strepsiades
1328 896 1411 960 ad
1460 901 1886 978 postremum
1937 915 2074 963 non
2123 900 2342 980 possit
2388 916 2524 965 non
2571 917 2722 965 con·

374 1021 608 1085 cedere
660 1020 893 1084 Nubes
938 1036 1179 1084 revera
1226 1036 1377 1083 esse
1422 1022 1703 1086 numina
1750 1023 2260 1103 omnipotentia!

470 1144 821 1229 „Iuppiter
888 1144 1099 1223 igitur
1167 1142 1596 1226 OlympiuS,'’
1655 1149 1852 1226 rogat
1899 1147 2326 1228 Strepsiades
2373 1154 2500 1225 (vs,
2550 1148 2722 1229 366),

380 1286 647 1353 „nonne
698 1268 894 1333 nobis
930 1272 1041 1333 est
1077 1268 1247 1332 deus
1262 1268 1340 1331 ?'’
1378 1305 1456 1314 —
1492 1270 1942 1335 Ludibundus
1973 1272 2344 1352 respondet
2375 1272 2722 1337 Socrates:

730 1408 910 1467 ποῖος
956 1396 1157 1472 Zeus&
1203 1398 1279 1457 οὗ
1324 1400 1407 1474 μὴ
1458 1393 1771 1479 ληρήσεις·
1820 1394 1953 1460 οὐδ’
2003 1396 2127 1461 ’ἐστι
2175 1400 2345 1470 Ζεύς.

464 1520 685 1600 Rogat
731 1519 1067 1583 rusticus:
1999 1524 2058 1586 τί
2105 1522 2294 1601 λέγεις
2341 1526 2461 1601 σύ,-

822 1634 987 1699 dm&
1036 1637 1129 1707 τίς
1176 1636 1264 1699 ῧει
1282 1656 1311 1715 ,·

466 1750 611 1816 Non
677 1756 785 1817 est
846 1750 1048 1815 multi
1099 1751 1351 1816 laboris
1398 1752 1778 1833 Strepsiadi
1827 1754 2233 1834 persuadere
2285 1770 2418 1818 non
2464 1752 2723 1834 Iovem,

372 1876 491 1941 sed
578 1876 811 1941 Nubes
880 1876 1133 1959 pluere.
1232 1878 1383 1960 „An
1456 1878 1599 1959 tu‚'’
1673 1880 1874 1959 rogat
1943 1877 2278 1959 Socrates,
2355 1892 2724 1961 „umquam

374 2001 609 2066 Iovem
662 2001 895 2082 pluere
944 2000 1181 2065 vidisti
1228 2001 1377 2065 sine
1426 2001 1793 2067 Nubibus?
1840 2006 2044 2068 καίτοι
2093 2017 2244 2089 χρῆν
2295 2003 2549 2084 αἰθρίας
2595 2000 2723 2064 ῧιιν

378 2127 595 2203 αὐτόν,
665 2130 896 2199 ταύτας
966 2124 1023 2189 δ’
1090 2124 1499 2209 ἀποδημεῖν.”
1574 2164 1631 2173 -
1692 2128 1840 2192 Hoc
1907 2132 2394 2207 argumentum
2465 2126 2726 2191 rustico

376 2251 653 2321 sufficit.
720 2250 835 2329 qui
902 2251 1037 2315 iam
1102 2250 1394 2314 libenter
1459 2252 1737 2316 missam
1792 2252 1960 2316 facit
2003 2252 2393 2335 opinionem
2446 2249 2726 2315 falsam:

376 2374 611 2439 Iovem
682 2375 787 2437 διὰ
835 2378 1129 2439 κοσκίνου
1177 2379 1399 2456 οὐρεῖν.
1427 2376 1478 2455 1)
1524 2375 1844 2441 Nondum
1893 2379 2266 2440 contentus
2311 2378 2523 2457 rogat,
2573 2373 2728 2453 quis

375 2498 493 2563 ille
564 2500 680 2581 sit,
752 2500 866 2579 qui
946 2504 1137 2581 tonet,
1208 2516 1495 2579 seseque
1564 2500 1778 2565 faciat
1847 2503 2281 2565 tremescere.
2365 2536 2422 2544 —
2507 2495 2728 2563 Αὗται

374 2628 683 2709 βροντῶσι
755 2624 1218 2705 κυλινδόμεναι,
1268 2624 1369 2690 ait
1416 2623 1757 2689 Socrates,
1835 2624 1948 2708 „Si
1997 2624 2231 2689 Nubes
2277 2623 2502 2688 multa
2548 2639 2728 2703 aqua

374 2750 757 2831 oppletae,'’
827 2750 925 2815 sic
974 2751 1113 2814 fere
1161 2748 1358 2813 docet
1405 2747 1721 2813 Socrates
1769 2764 2132 2813 commune
2179 2750 2346 2811 tunc
2395 2746 2728 2827 temporis

374 2874 934 2956 philosophorum
982 2875 1333 2957 placitum,
1388 2875 1498 2957 „vi
1546 2873 1840 2952 quadam
1889 2877 1962 2938 et
2009 2873 2418 2938 necessitate
2451 2875 2724 2937 coactae

374 2969 747 3064 moventur
806 3017 1187 3080 gravesque
1248 2998 1320 3062 in
1376 3015 1525 3062 sese
1570 2998 1870 3062 invicem
1917 2997 2254 3079 incidunt,
2303 2999 2724 3078 rumpuntur

378 3129 449 3188 et
517 3123 734 3188 edunt
800 3124 1202 3205 fragorem.'’
1294 3122 1587 3202 Roganti
1649 3123 1942 3186 rustico:
2011 3121 2164 3206 „sed
2230 3119 2549 3202 quisnam
2613 3122 2723 3183 est

382 3248 513 3332 ille,
578 3249 693 3328 qui
758 3249 938 3328 cogit
994 3253 1073 3314 ut
1118 3230 1453 3327 ferantur,
1502 3263 1732 3310 nonne
1781 3247 2183 3327 Iuppiter?”
2245 3282 2306 3290 —
2366 3241 2723 3325 responde-

382 3377 533 3437 tur:
618 3373 840 3456 ἥκιστ’,
921 3373 1061 3437 ἀλλ’
1148 3375 1422 3455 αἰθέριος
1507 3372 1699 3444 δῖνος.
1803 3371 1904 3435 En
1991 3371 2212 3434 denuo
2290 3385 2449 3449 voit,
2521 3384 2726 3447 quam

382 3498 633 3563 festive
688 3499 1003 3565 adhibuit
1048 3503 1270 3581 poeta,
1312 3471 1399 3562 'ut
1446 3498 1635 3562 vocis
1680 3512 1848 3560 sono
1897 3496 1966 3560 in
2015 3510 2314 3560 errorem
2362 3493 2730 3556 duceretur

382 3623 696 3706 agricola,
762 3624 877 3704 qui
940 3625 1077 3689 iam
1143 3623 1445 3688 maxime
1509 3622 1806 3685 miratur
1861 3637 1933 3683 se
1980 3620 2202 3684 adhuc
2248 3617 2534 3682 latuisse
2584 3614 2729 3689 Λιός

382 3747 600 3813 filium
676 3748 1002 3832 aliquem,
1077 3749 1195 3830 qui
1274 3754 1459 3820 Δῖνος
1536 3746 1955 3826 nominatur,
2033 3760 2216 3808 nunc
2293 3742 2510 3824 patris
2585 3741 2728 3806 loco

384 3872 749 3958 βασιλεύειν.

474 4001 815 4065 Inciderat
876 4001 1079 4081 poeta
1139 3999 1209 4063 in
1274 3999 1444 4062 duas
1504 3994 1711 4060 simul
1775 3993 2081 4074 facetum,
2139 3992 2220 4056 de
2268 3991 2465 4072 δίνῳ
2514 3991 2728 4070 deque

464 4187 515 4259 l)
574 4183 773 4258 Quam
833 4183 1013 4241 facile
1072 4203 1141 4240 ac
1197 4182 1457 4240 libenter
1511 4179 1746 4256 Graeci,
1804 4179 1908 4254 qui
1965 4175 2274 4244 θεοσεβεῖς
2325 4173 2626 4232 habentur
2667 4179 2732 4231 et

382 4303 525 4342 sane
580 4289 743 4358 sunt,
800 4289 869 4340 ut
923 4282 963 4339 h
1037 4282 1073 4338 l.
1134 4281 1396 4339 rusticus
1450 4283 1673 4354 noster,
1726 4277 1804 4333 de
1846 4276 1964 4332 diis
2006 4275 2133 4332 suis
2176 4274 2359 4332 iocari
2401 4272 2564 4330 soliti
2605 4270 2732 4330 siut

384 4381 531 4440 haec
594 4381 817 4439 locutio
880 4399 987 4437 nos
1050 4379 1279 4436 doceat.
1364 4377 1559 4436 Voces
1625 4376 1784 4433 enim
1851 4377 2119 4430 κόσκινον
2181 4378 2243 4429 et
2307 4371 2486 4447 οὐρεῖν
2551 4369 2730 4426 nimis

386 4480 611 4537 comice
654 4476 944 4554 afficiunt,
990 4497 1169 4552 quam
1214 4480 1280 4533 ut
1323 4475 1535 4533 credas
1577 4473 1800 4548 vulgus
1845 4471 2000 4528 serio
2023 4470 2112 4528 sic
2141 4471 2208 4525 τὸ
2237 4469 2352 4525 ὕειν
2382 4466 2731 4542 explicasse.

388 4576 631 4635 Tribuit
691 4581 871 4653 poeta
932 4575 1295 4633 locutionem
1359 4570 1714 4649 Strepsiadi,
1781 4575 1850 4627 ut
1909 4568 2156 4626 huiusce
2220 4564 2605 4639 asseveratiO,
2667 4582 2734 4620 se

390 4693 599 4733 revera
654 4673 986 4732 credidisse
1046 4669 1335 4752 (ἀληθῶς
1392 4665 1617 4749 ᾤμην),
1677 4668 1902 4725 comice
1959 4668 2360 4742 opponeretur
2399 4662 2572 4738 vulgi
2613 4660 2737 4736 opi-

388 4772 568 4848 nioni,
613 4769 939 4830 absurdam
982 4789 1113 4828 esse
1156 4770 1340 4827 talem
1385 4773 1488 4824 τοῦ
1530 4767 1645 4823 ὕειν
1690 4763 2267 4842 interpretationem.
