3478 5737
1170 1026 2100 1104 PRAEFATIO.

1474 1242 1794 1255 maefwsaem

540 1405 705 1465 Fieri
754 1426 872 1465 non
914 1412 1131 1485 potest,
1175 1409 1319 1485 quin
1360 1408 1583 1467 studiis
1622 1409 2006 1469 Academicis
2047 1408 2226 1468 finem
2269 1412 2608 1487 imposituri
2651 1413 2804 1471 eius-

454 1519 595 1578 dem
648 1522 891 1597 generis
943 1540 1291 1581 moveamur
1343 1520 1662 1581 aflectibus
1720 1528 1904 1599 atque
1956 1523 2048 1599 iis,
2094 1542 2241 1598 quos
2283 1524 2346 1581 in
2387 1526 2654 1583 oratione
2695 1546 2804 1602 pro

456 1633 561 1693 Cn.
626 1636 873 1695 Plancio
936 1636 1143 1695 habita
1206 1638 1417 1697 Cicero
1471 1644 1595 1697 tam
1650 1639 2011 1717 simpliciter
2067 1640 2418 1715 sincereque
2476 1643 2802 1718 expressit:

458 1750 647 1825 „Quis
708 1758 803 1811 est
856 1758 1147 1829 nostrum,
1203 1754 1537 1813 liberaliter
1590 1753 1905 1829 educatuS,
1963 1755 2062 1813 cui
2117 1774 2234 1812 non
2290 1754 2662 1831 educatoreS,
2707 1757 2806 1814 cui

452 1886 572 1925 non
613 1869 895 1945 magistri
934 1870 1029 1927 sui
1070 1874 1253 1945 atque
1294 1868 1589 1946 doctores,
1634 1870 1731 1928 cui
1771 1888 1890 1928 non
1933 1870 2100 1927 locus
2144 1870 2247 1927 ille
2289 1874 2512 1949 mutus,
2541 1869 2647 1929 ubi
2677 1872 2806 1949 ipse

454 1980 639 2039 alitus
678 1986 787 2040 aut
828 1982 1044 2042 doctus
1087 1988 1197 2060 est,
1242 2003 1378 2043 cum
1420 1989 1597 2061 grata
1638 1982 2050 2041 recordatione
2094 1984 2158 2041 in
2199 1990 2400 2043 mente
2441 1990 2723 2043 versetur
2737 1982 2802 2042 ?’'

536 2094 702 2170 Quid
729 2098 965 2174 mirum,
994 2100 1091 2158 vir
1117 2100 1447 2159 clarissime
1475 2098 1698 2175 Naber,
1728 2118 1824 2157 me
1853 2100 2204 2177 gratissima
2231 2119 2366 2157 cum
2391 2100 2804 2159 recordatione

452 2210 649 2269 colere
692 2213 1039 2271 memoriam
1080 2213 1481 2273 institutionis
1524 2218 1681 2287 tuae,
1720 2212 2196 2289 benevolentiae,
2241 2214 2642 2273 consiliorum.

532 2324 721 2385 Vobis
756 2329 982 2404 etiam,
1039 2329 1157 2386 viri
1198 2328 1517 2387 clarissimi
1558 2328 1846 2405 Karsten,
1889 2328 2167 2405 Valeton,
2214 2328 2460 2407 Spruyt,
2505 2330 2642 2387 Van
2683 2328 2800 2388 den

450 2438 557 2517 Es,
617 2460 867 2517 quorum
919 2447 988 2500 ut
1028 2440 1263 2502 fruerer
1303 2440 1663 2501 lectionibus
1708 2443 1856 2501 mihi
1897 2443 2172 2519 contigit,
2217 2462 2327 2501 nec
2370 2463 2488 2501 non
2530 2442 2662 2520 tibi,
2708 2445 2802 2501 vir

451 2556 781 2615 clarissime
840 2556 963 2632 Six,
1008 2558 1179 2616 cuius
1222 2556 1643 2618 benevolentia
1684 2560 1926 2636 saepius
1969 2558 2116 2617 mihi
2158 2560 2455 2636 apparuit,
2501 2576 2574 2617 ex
2617 2560 2801 2617 animi

449 2672 752 2730 sententia
789 2673 988 2750 palam
1030 2673 1262 2749 gratias
1304 2693 1417 2750 ago
1460 2672 1772 2749 habeoque
1813 2674 2094 2733 sinceras.

526 2786 745 2847 Restat
802 2794 872 2847 ut
925 2794 1005 2865 te,
1061 2794 1367 2867 promotor
1421 2789 1944 2864 aestumatissime,
2005 2790 2098 2847 vir
2153 2788 2488 2847 clarissime
2542 2788 2796 2867 Kuiper,

446 2903 645 2980 palam
708 2903 993 2980 alloquar.
1076 2902 1385 2978 Quantum
1440 2903 1553 2964 tibi
1610 2903 1882 2982 debeam,
1940 2905 2218 2983 inprimis
2273 2925 2348 2964 ex
2403 2925 2473 2964 eo
2529 2911 2794 2983 apparet,

446 3017 623 3094 quod,
686 3019 831 3077 licet
892 3038 1061 3078 meae
1125 3019 1182 3077 N
1182 3018 1393 3078 ubium
1452 3017 1695 3078 fabulae
1751 3020 2238 3098 interpretationi
2293 3020 2540 3078 minime
2597 3039 2798 3080 assen-

446 3133 636 3209 tiariS,
682 3138 883 3192 tamen
924 3132 1125 3192 ubivis
1166 3135 1227 3192 in
1269 3135 1534 3194 animum
1576 3155 1645 3193 ac
1688 3135 2022 3194 sententias
2065 3154 2230 3194 meas
2267 3141 2586 3212 penetrare
2613 3141 2796 3212 teque

444 3247 751 3306 insinuare
838 3248 1149 3325 studuisti,
1240 3250 1483 3325 tuisque
1565 3248 2090 3309 observationibus
2171 3247 2794 3327 obiectationibusque

444 3363 638 3421 acutis
678 3382 775 3421 me
816 3361 1149 3424 identidem
1193 3364 1466 3441 coegisti,
1510 3370 1579 3422 ut
1621 3367 1792 3424 novis
1835 3367 2211 3442 argumentis
2248 3363 2541 3422 adhibitis
2571 3365 2794 3442 opinio-

442 3495 551 3535 nes
590 3497 755 3538 meas
795 3478 1127 3556 probarem.
1188 3480 1371 3539 Cordi
1412 3481 1693 3538 nimirum
1736 3479 1853 3538 tibi
1895 3486 2026 3538 erat
2068 3499 2142 3538 ne
2185 3485 2410 3554 temere
2440 3481 2792 3557 opusculum

442 3611 640 3652 meum
704 3594 768 3652 in
830 3595 1025 3652 lucem
1080 3597 1435 3654 emitterem.
1513 3595 1598 3653 Et
1650 3597 1850 3673 ipsum
1907 3617 2002 3655 me
2058 3597 2120 3654 et
2161 3595 2434 3654 libellum
2477 3616 2675 3655 meum
2718 3615 2792 3654 ex

442 3710 565 3768 tuis
628 3710 895 3768 consiliis
956 3711 1213 3770 multum
1269 3712 1499 3788 cepisse
1554 3711 1723 3787 lucri,
1780 3712 1882 3769 vix
1938 3717 2033 3770 est
2089 3709 2252 3786 quod
2301 3729 2590 3769 moneam.
2652 3710 2792 3768 Etsi

440 3824 803 3884 lectionibus
858 3827 982 3885 tuis
1038 3827 1330 3912 interesse
1384 3826 1533 3885 mihi
1584 3847 1706 3886 non
1757 3827 1950 3902 licuit,
2005 3833 2208 3884 tamen
2265 3831 2406 3885 tuae
2461 3826 2788 3903 doctrinae,

439 3939 851 4017 humanitatis,
898 3939 1349 4000 benevolentiae
1390 3961 1715 4016 numquam
1757 3940 2098 4000 obliviscar.
2145 3940 2333 4018 Spero
2373 3939 2503 3999 fore
2533 3946 2603 3999 ut
2621 3940 2787 4018 mihi,

439 4053 517 4112 de
572 4075 690 4130 quo
746 4057 863 4114 iam
919 4057 1143 4132 optime
1198 4057 1451 4115 meritus
1493 4075 1575 4132 es,
1620 4057 1802 4114 etiam
1847 4057 1911 4114 in
1950 4060 2260 4133 posterum
2302 4053 2506 4114 favere
2548 4075 2785 4132 pergas.

520 4169 902 4228 Postremum
1012 4170 1525 4230 Bibliothecarum
1632 4171 2235 4246 AmstelodamensiS,
2341 4171 2784 4246 Groninganae,

436 4282 779 4360 BumensiS,
834 4285 1065 4362 Regiae
1122 4287 1519 4345 Academicae
1564 4286 1854 4363 praefecti
1897 4290 2056 4364 grati
2099 4288 2219 4344 mei
2261 4287 2444 4344 animi
2488 4286 2786 4362 accipiant

440 4399 851 4459 testimonium
889 4421 999 4479 pro
1042 4399 1453 4460 benevolentia
1496 4411 1613 4477 qua
1650 4401 1797 4459 mihi
1825 4401 2010 4460 libros
2039 4400 2416 4460 commodare
2445 4402 2782 4459 voluerunt.

1578 4643 1645 4684 ᾧ
