3478 5737
1786 588 1872 652 92

651 784 857 847 huius
919 783 1054 847 odii
1103 783 1173 847 in
1223 782 1664 864 philosophos
1709 787 1818 847 est
1864 800 2091 866 causa,
2140 783 2257 848 sed
2306 799 2479 863 quos
2523 782 2661 845 iam
2710 780 3005 845 oderant

647 924 906 988 omneS,
977 906 1307 971 conviciis
1375 906 1543 971 facit
1611 908 1860 989 corripi
1937 944 1999 952 —
2055 926 2097 972 a
2158 906 2510 987 quonam?
2571 906 2659 970 ab
2722 904 3001 969 homine

648 1034 853 1113 probo
910 1032 1358 1112 honestoque,
1410 1032 1522 1111 qui
1575 1031 2043 1113 philosophiae
2092 1031 2438 1096 studiosos
2486 1032 2800 1114 πονηρούς
2846 1046 3000 1094 esse

645 1157 1075 1238 argumentis
1141 1158 1622 1222 demonstret?
1691 1158 1911 1221 Immo
1978 1175 2021 1221 a
2066 1157 2336 1239 iuvene,
2386 1161 2665 1239 propter
2712 1157 2995 1221 insitam

647 1282 1002 1346 levitatem
1069 1298 1204 1345 non
1253 1281 1453 1361 digno
1501 1282 1616 1361 qui
1663 1282 2009 1346 audiatur.
2078 1282 2178 1345 Ex
2228 1298 2307 1346 eo
2353 1282 2501 1361 ipso
2550 1282 2783 1361 igitur,
2818 1280 2999 1359 quod

648 1410 852 1487 poeta
921 1404 1344 1487 philosophis
1411 1404 1783 1469 conviciari
1854 1405 2023 1469 facit
2094 1405 2436 1487 iuvenem,
2512 1405 2705 1469 nulla
2772 1401 2999 1469 adliuc

647 1530 844 1593 laude
911 1529 1217 1609 dignum,
1291 1528 1464 1593 nihil
1533 1528 1716 1593 aliud
1782 1529 1943 1593 licet
2004 1530 2292 1610 efficere,
2358 1528 2493 1593 nisi
2556 1529 2732 1609 quod
2797 1533 3001 1610 poeta

645 1653 1002 1733 designare
1053 1652 1273 1717 voluit
1319 1656 1596 1717 scurrae
1645 1651 1939 1717 alicuius
1984 1653 2069 1717 de
2114 1652 2539 1734 philosophis
2585 1652 2999 1734 opinionem,

651 1781 730 1840 ut
775 1794 924 1840 eam
973 1776 1190 1859 patris
1235 1774 1498 1857 rustici,
1549 1775 1891 1856 propriam
1942 1775 2320 1841 utilitatem
2360 1775 2693 1855 curantiS,
2728 1778 2999 1839 senten·

649 1900 789 1964 tiae
857 1901 1250 1981 opponeret.
1335 1898 1447 1964 Sic
1509 1914 1709 1979 porro
1773 1916 1916 1963 rem
1978 1899 2290 1963 instituit
2350 1899 2671 1981 comicus
2736 1902 2815 1963 ut
2862 1915 2999 1964 non

649 2022 872 2087 solum
936 2024 1462 2101 cognosceret-ur
1523 2020 1646 2085 filii
1693 2020 1975 2101 indoleS,
2024 2020 2140 2085 sed
2190 2021 2401 2087 etiam
2450 2025 2818 2104 appareret
2864 2040 3003 2103 qua

651 2146 732 2211 de
779 2162 986 2210 causa
1035 2148 1385 2209 recusaret
1434 2144 1805 2224 quominus
1850 2145 2149 2209 intraret
2194 2146 2265 2209 in
2315 2145 2655 2211 Scholam.
2722 2146 3003 2210 Talibus

652 2271 724 2333 in
786 2269 973 2333 omni
1029 2268 1380 2333 comoedia
1444 2284 1614 2349 opus
1673 2271 1783 2332 est
1842 2268 1924 2333 ad
1988 2268 2487 2349 depingendam
2552 2287 2998 2350 personarum

651 2393 973 2474 indolem,
1035 2393 1120 2457 ad
1183 2392 1428 2473 agendi
1488 2391 1792 2457 rationes
1836 2393 2196 2473 notandaS,
2244 2393 2327 2457 ad
2384 2394 2683 2459 comicos
2730 2410 2998 2459 moven-

654 2518 776 2582 dos
822 2518 1129 2582 effectus.

741 2766 1012 2844 Filium,
1109 2764 1527 2845 philosophis
1611 2765 2139 2845 conviciantem,
2228 2764 2430 2829 silere
2518 2766 2711 2832 iubet
2781 2772 2998 2850 pater,

655 2890 1144 2972 paululumque
1205 2889 1596 2953 accuratius
1657 2906 1861 2968 quam
1924 2907 2059 2952 vss.
2122 2893 2208 2952 88
2256 2893 2327 2954 et
2372 2891 2459 2954 89
2508 2892 2784 2974 indicat,
2834 2894 3001 2972 quid

651 3017 737 3080 ab
783 3031 861 3079 eo
909 3015 1100 3094 petat
1144 3018 1252 3089 (vs
1327 3013 1452 3076 106
1499 3016 1662 3092 sq.):

963 3136 1106 3200 ἀλλ’
1151 3141 1202 3200 εἶ
1251 3163 1308 3200 τι
1357 3137 1523 3216 κήδει
1573 3150 1697 3200 τῶν
1748 3139 2059 3218 πατρῴων
2108 3136 2418 3216 ἀλφίτων,

964 3249 1202 3310 τούτων
1251 3259 1436 3322 γενοῦ
1481 3270 1587 3324 μοι
1637 3245 2021 3328 σχασάμενος
2067 3249 2179 3326 τὴν
2231 3249 2519 3326 ἱππικήν.

655 3371 945 3450 Roganti
1020 3370 1177 3447 filio,
1249 3369 1533 3434 minime
1595 3385 1959 3451 propenso:
2025 3374 2127 3431 καὶ
2193 3372 2252 3432 τί
2315 3393 2411 3433 σοι
2456 3375 2865 3452 μαθήσομαις
2912 3407 3003 3418 -—

654 3495 912 3574 profert
971 3493 1250 3559 tandem
1316 3493 1618 3558 rusticus
1679 3493 1956 3557 disertis
2020 3493 2271 3575 verbiS,
2330 3496 2509 3574 quod
2558 3496 2695 3560 iam
2746 3515 2843 3560 vs.
2892 3499 3003 3578 75,

653 3618 789 3682 filio
837 3619 1056 3682 adhuc
1103 3617 1505 3698 dormiente,
1553 3617 1789 3697 tetigit
1832 3623 1961 3694 (VS.
2016 3618 2138 3680 112
2188 3623 2398 3698 sqq.):

1007 3737 1164 3805 εἶναι
1211 3737 1360 3823 παρ’
1407 3745 1621 3814 αἰτοῒς
1667 3763 1861 3822 φασιν
1911 3743 2101 3822 ἄμφω
2151 3747 2237 3805 τὼ
2286 3743 2474 3821 λόγω,

1010 3854 1117 3912 τὸν
1168 3846 1488 3932 κρείττον’,
1537 3847 1702 3922 ὅστις
1750 3851 1899 3926 ἔστί,
1945 3854 2047 3912 καὶ
2099 3855 2206 3914 τὸν
2256 3849 2506 3932 ἥττονα.

1010 3960 1252 4021 τούτοιν
1303 3959 1410 4021 τὸν
1455 3954 1659 4039 ἕτερον
1709 3971 1844 4020 τοῖν
1892 3955 2127 4036 λόγοιν,
2176 3963 2282 4022 τὸν
2336 3959 2587 4040 ἥττονα,

1011 4079 1189 4128 νικᾶν
1239 4063 1502 4143 λέγοντά
1551 4087 1698 4144 φασι
1750 4065 2167 4128 τάδικώτατα.

1015 4175 1084 4255 ἢν
1133 4171 1245 4237 οὖν
1293 4173 1504 4257 μάθῃς
1549 4199 1654 4253 μοι
1705 4177 1811 4236 τὸν
1860 4174 2078 4236 ἄδικον
2131 4187 2352 4237 τοῦτον
2402 4173 2613 4252 λόγον,

1010 4285 1050 4342 ἃ
1100 4295 1213 4344 νῦν
1263 4279 1490 4362 ὀφείλω
1539 4281 1642 4342 διὰ
1691 4283 1773 4358 σέ,
1821 4284 2060 4345 τούτων
2110 4293 2236 4344 τῶν
2288 4293 2480 4365 χρεῶν

1010 4394 1120 4451 οὐκ
1168 4388 1246 4451 ἂν
1296 4389 1604 4471 ἀποδοίην
1655 4387 1790 4452 οὐδ’
1838 4389 1916 4452 ἂν
1966 4387 2191 4474 ὀβολὸν
2242 4389 2464 4452 οὐδενί.

745 4511 911 4576 Ecce
989 4511 1228 4577 rustici
1297 4511 1656 4576 consilium
1729 4512 1799 4576 et
1870 4511 2007 4576 filio
2079 4511 2151 4575 et
2220 4509 2724 4592 spectatoribus
2790 4507 3005 4571 simul

652 4633 1016 4700 detectum.
1087 4636 1485 4700 Absurdum
1531 4652 1680 4700 esse
1729 4635 2153 4716 perspiciunt
2200 4637 2614 4716 spectantes.
2666 4631 2882 4696 Filius
2924 4649 3005 4695 se

651 4755 910 4822 iturum
982 4762 1205 4840 negat,
1299 4759 1585 4840 verituS,
1657 4761 1897 4840 utpote
1966 4758 2239 4823 iuvenis
2302 4757 2859 4839 elegantissimus
2916 4773 3003 4823 ao
