3478 5737
1814 547 1900 609 46

770 743 807 815 5
854 740 917 802 4.
966 738 1212 803 Restat
1261 744 1337 803 ut
1384 740 1519 804 tria
1563 740 1787 805 adhuc
1833 740 1970 805 alia
2018 740 2218 805 Probi
2267 742 2717 823 pronuntiata
2757 744 3028 809 refellat

688 862 1107 927 Dissolutus:

776 988 832 1051 1.
946 988 1016 1049 τὸ
1063 987 1125 1049 ἓν
1174 988 1373 1073 ἀγορᾷ
1422 984 1762 1073 διατρίβειν
1811 1003 1964 1051 esse
2013 986 2544 1068 vituperandum

1944 1113 2068 1191 (vs.
2124 1111 2313 1191 1055,
2363 1111 2448 1175 cf.
2497 1112 2674 1189 991).

772 1236 833 1299 2.
948 1241 1061 1316 τὴν
1109 1234 1398 1315 γλῶτταν
1447 1238 1655 1299 ἀσκεῖν
1705 1240 1850 1309 τοὺς
1897 1236 2072 1309 νέους
2118 1241 2206 1319 μὴ
2257 1250 2477 1320 χρῆναι

1612 1367 1742 1439 (νε.
1797 1361 1966 1424 1058
2013 1374 2138 1443 sq.‚
2188 1360 2272 1424 cf.
2326 1360 2496 1424 1003
2544 1364 2693 1440 sq.).

775 1485 836 1547 3.
908 1498 1249 1565 σωφρονεῖν
1301 1498 1526 1569 χρῆναι
1706 1489 1832 1563 (VS.
1887 1485 2078 1567 1060,
2127 1484 2212 1548 cf.
2267 1484 2437 1549 1010
2483 1488 2676 1564 Sqq.).

773 1608 1003 1673 Prima
1070 1608 1288 1673 thesis
1354 1609 1556 1691 specie
1624 1610 1905 1673 tantum
1973 1608 2017 1672 i.
2087 1624 2146 1672 e.
2218 1621 2588 1689 σοφιστικῶς
2657 1608 3034 1673 refutatur:

692 1732 803 1815 „Si
865 1733 1321 1815 perniciosum
1386 1736 1589 1811 esset,
1656 1732 2000 1797 Homerus
2063 1750 2284 1813 neque
2349 1733 2710 1799 Nestorem
2758 1733 3040 1797 fecisset

686 1860 1000 1941 ἀγορητήν
1048 1873 1271 1937 neque
1318 1874 1559 1922 omnes
1605 1857 2021 1938 sapienteS.”

779 1982 1159 2047 Secundam
1198 1981 1837 2063 pronuntiationem
1869 1980 2034 2045 data
2070 1997 2274 2063 opera
2297 1985 2456 2063 post
2491 1983 2752 2047 tertiam
2785 1979 3041 2046 refellit

689 2107 1079 2172 Dissolutus
1122 2109 1417 2187 apteque
1464 2105 1820 2185 coniungit
1866 2105 2355 2170 refutationem
2389 2106 2577 2171 illius
2608 2124 2762 2171 cum
2792 2107 3040 2170 intem·

690 2231 1041 2313 perantiae
1104 2246 1511 2310 morumque
1574 2245 1938 2312 pravorum
2004 2232 2370 2295 eventibus
2431 2248 2512 2295 ac
2558 2230 2898 2313 periculiS‚
2947 2228 3037 2293 cf.

696 2358 871 2421 1076
916 2374 1056 2436 sq.:

957 2480 1241 2563 ἥμαρτες,
1288 2481 1586 2563 ἠράσθης,
1635 2480 1994 2565 ἐμοίχευσάς
2039 2506 2120 2558 τι,
2167 2476 2305 2565 κᾷτ’
2353 2480 2666 2565 ἐλήφθης·

962 2595 1332 2669 ἀπόλωλας·
1379 2596 1691 2668 ἀδύνατος
1737 2600 1857 2679 γὰρ
1905 2592 1964 2659 εἴ
2002 2595 2220 2675 λέγειν.

692 2722 1096 2787 Rectissime
1142 2722 1240 2786 sic
1288 2720 1679 2785 Dissolutus
1726 2722 2096 2785 secundam
2146 2724 2218 2785 et
2265 2720 2546 2786 tertiam
2583 2718 2812 2784 thesin
2844 2719 3038 2781 arcte

694 2847 1055 2911 cohaerere
1125 2844 1639 2911 animadvertit.
1741 2843 1886 2910 Iam
1951 2862 2052 2910 νε.
2121 2844 2293 2909 1060
2355 2844 2467 2909 δύο
2531 2848 2703 2907 κακὼ
2765 2844 3037 2926 μεγίστω

693 2975 897 3036 vocat
958 2970 1275 3052 loquendi
1330 2975 1539 3051 atque
1602 2969 2000 3050 disputandi
2062 2969 2482 3050 imperitiam
2530 2971 2602 3034 et
2661 3005 2722 3014 -
2781 2971 3034 3048 tempe·

694 3096 961 3159 rantiae
1018 3095 1519 3175 necessitatem,
1568 3093 1692 3157 tali
1738 3092 2125 3175 imperitiae
2171 3093 2561 3158 obnoxiam.
2611 3093 2780 3157 Ecce
2825 3090 3035 3155 cardi·

692 3237 840 3284 nem
894 3234 1030 3282 non
1092 3217 1315 3282 solum
1376 3217 1595 3281 totius
1657 3218 1876 3282 nostri
1940 3218 2302 3298 utriusque
2364 3217 2556 3296 λόγου
2618 3213 3037 3296 certaminis,

698 3344 813 3408 sed
874 3343 1088 3408 etiam
1150 3343 1366 3408 totius
1426 3340 1718 3406 fabulae.
1795 3341 2193 3425 Strepsiadi‚
2253 3360 2342 3406 an
2390 3341 2612 3406 dicam
2659 3340 2792 3405 toti
2839 3339 3038 3420 δήμῳ,

702 3468 909 3532 nimis
976 3467 1344 3531 molestum
1414 3468 1523 3530 est
1590 3469 1658 3529 τὸ
1727 3469 1818 3529 ἀεὶ
1889 3480 2252 3548 σωφρονεῖν,
2317 3470 2628 3532 attamen
2700 3463 2860 3544 quid
2933 3466 3042 3527 est

701 3593 922 3674 opus?
1004 3590 1337 3656 Discenda
1406 3594 1515 3654 est
1583 3593 1862 3655 tantum
1921 3609 2036 3656 ars
2097 3591 2455 3657 dialectica
2514 3593 2585 3654 et
2641 3625 2702 3632 —
2763 3588 3041 3668 impune

700 3716 917 3782 abibit
963 3719 994 3779 ὁ
1040 3721 1125 3799 μὴ
1175 3719 1461 3798 σώφρων.
1534 3716 1660 3796 Qui
1712 3718 1880 3781 bene
1929 3717 2112 3798 loqui
2146 3716 2480 3797 didicerit,
2522 3731 2791 3796 semper
2829 3713 3045 3794 ipsius

703 3857 1066 3906 causarum
1115 3842 1449 3922 patronus
1494 3842 1834 3907 exsistere
1870 3843 2161 3924 poterit!
2211 3843 2284 3908 Si
2323 3843 2479 3922 quis
2516 3846 2624 3906 τὸν
2665 3840 2833 3924 {jz-rm
2855 3839 3042 3918 λόγον

703 3966 963 4046 optime
1024 3965 1252 4045 sciret,
1314 3981 1519 4028 causa
1578 3965 1815 4029 cadero
1876 3984 2012 4031 non
2061 3969 2314 4047 posset.
2387 3966 2764 4046 Strepsiadi
2809 3969 3043 4028 autem

705 4088 899 4152 deest
942 4090 1220 4152 tantum
1268 4091 1336 4151 τὸ
1385 4086 1599 4171 λέγων,
1647 4105 1751 4153 νε.
1799 4091 1965 4155 487:

1153 4209 1347 4290 λέγειν
1395 4215 1505 4292 μὲν
1554 4218 1663 4277 οὐκ
1712 4211 1922 4292 ἔνεστ’,
1969 4218 2330 4298 ἀποστερεῖν
2380 4214 2437 4277 δ’
2484 4213 2596 4291 ἐ’νι,

708 4335 825 4398 sed
874 4335 1216 4416 surripere
1264 4352 1483 4418 posse,
1532 4337 1688 4417 quid
1741 4338 1939 4403 iuvat
1984 4340 2042 4404 si
2078 4340 2231 4420 quis
2264 4357 2398 4404 non
2433 4339 2631 4412 δεινός
2661 4341 2769 4403 est
2799 4333 3047 4415 λέγειν.)

712 4457 824 4522 Sic
922 4461 1064 4523 iere
1158 4460 1645 4540 Aristophanis
1736 4463 2162 4544 temporibus
2252 4463 2645 4528 ratiocinari
2736 4462 3052 4526 solebant

610 4575 616 4580 ’
711 4581 890 4645 docti
954 4586 1025 4646 et
1072 4583 1361 4662 indocti;
1408 4584 1479 4647 hi
1526 4588 1760 4648 autem
1811 4587 2136 4652 nimirum
2186 4589 2404 4668 magis
2449 4589 2625 4652 serio
2671 4603 2875 4666 quam
2923 4585 3048 4650 iili.

710 4705 985 4770 Etenim
1072 4706 1535 4785 eloquentiam
1618 4711 1841 4774 omnia
1897 4674 2107 4792 posse,
2178 4714 2334 4792 quis
2401 4716 2546 4776 tam
2617 4711 2900 4792 stultus,
2971 4713 3053 4774 ut
