3478 5737
1860 622 1982 687 124

742 816 1271 899 Hieronymum,
1329 818 1412 881 cf.
1464 816 1717 881 Eccles.
1769 816 1919 897 201,
1969 816 2270 881 Acharn.
2320 819 2470 899 389,
2521 818 2871 899 scholion),
2921 820 3092 883 tunc

739 940 1038 1005 centauri
1081 939 1323 1005 fiunt.’'
1363 978 1424 985 —
1466 940 1679 1023 „Quid
1728 943 1962 1005 autem
2013 940 2345 1021 faciunt,'’
2389 946 2582 1022 rogat
2620 942 2941 1024 rusticuS‚
2978 942 3088 1006 cui

740 1070 809 1128 τὸ
871 1065 1169 1147 ἁρπάζειν
1235 1065 1415 1129 cordi
1480 1081 1631 1129 esse
1695 1065 1988 1145 videtur,
2059 1065 2156 1148 „si
2222 1066 2504 1131 videant
2561 1066 2932 1149 Simonem,
2981 1071 3089 1131 τὸν

739 1190 997 1273 ἅρπαγα
1058 1204 1184 1254 τῶν
1248 1192 1566 1273 δημοσίων
1586 1186 1665 1251 Ξ”’
1729 1226 1788 1233 -
1853 1190 2080 1273 „Tunc
2131 1191 2272 1271 lupi
2318 1191 2666 1271 extemplo
2715 1192 2954 1256 fiunt.'’
3003 1228 3087 1239 --

740 1316 840 1381 Ut
884 1316 1107 1380 denuo
1154 1315 1474 1381 ostendat
1519 1332 1591 1378 se
1640 1314 1898 1395 optime
1945 1313 2344 1394 intellegere
2384 1316 2492 1385 (cf.
2527 1332 2738 1397 supra
2773 1334 2876 1380 vs.
2913 1317 3088 1397 335),

739 1440 875 1505 iam
937 1440 1139 1503 affert
1200 1439 1630 1519 Strepsiades
1692 1455 1818 1502 sua
1863 1437 2012 1501 vice
2059 1437 2712 1521 aliudexemplum,
2760 1441 3090 1522 perspicit

732 1565 917 1629 enim
989 1582 1125 1644 qua
1192 1581 1265 1627 re
1335 1563 1478 1627 heri
1543 1564 1711 1627 cervi
1769 1562 1912 1625 sint
1977 1562 2234 1626 factae:
2303 1562 2755 1646 Cleonymum
2820 1565 3086 1629 scilicet

733 1694 839 1753 τὸν
902 1692 1215 1771 ῥίψασπιν
1279 1689 1760 1768 adspexerant.
1847 1724 1908 1731 -
1989 1687 2119 1768 „Et
2179 1684 2428 1768 nunc,’'
2490 1688 2682 1751 addit
2747 1688 3083 1769 SocrateS‚

736 1814 937 1898 „quia
998 1812 1417 1877 Clisthenem
1486 1810 1926 1890 conspicatae
1983 1815 2169 1891 sunt,
2219 1811 2578 1875 mulierum
2615 1810 2664 1890 1)
2711 1812 3090 1877 induerunt

736 1936 1106 2019 speciem.”

822 2062 1205 2126 Contentus
1266 2060 1567 2124 rusticus
1626 2057 1997 2137 omniaque
2044 2057 2337 2122 libenter
2384 2059 2690 2141 credens,
2739 2060 3086 2125 exclamat

732 2191 857 2262 (vs,
909 2186 1102 2263 356):

911 2311 1145 2395 χαίρετε
1192 2310 1432 2386 τοίνυν,
1479 2304 1528 2369 ὦ
1577 2307 1935 2371 δέσποιναι·
1984 2312 2088 2369 καὶ
2138 2321 2276 2383 νῦν,
2322 2308 2489 2389 εἴπερ
2542 2312 2661 2371 τινὶ
2715 2307 2948 2391 κᾶλλῳ,

908 2430 1309 2510 οὐρανομήκη
1357 2425 1578 2508 ῥήξατε
1625 2429 1812 2504 κάμοὶ
1863 2428 2104 2505 φωνήν,
2153 2420 2202 2487 ὦ
2253 2425 2721 2509 παμβασίλειαι.

820 2552 917 2617 En
990 2552 1401 2633 rusticellu3‚
1472 2570 1513 2615 a
1584 2550 1898 2615 Nubibus
1965 2566 2240 2614 omnem
2303 2568 2500 2615 suam
2565 2566 2849 2632 sperans
2911 2549 3084 2614 salu-

735 2680 905 2743 tem!
980 2676 1142 2741 Post
1194 2677 1493 2741 Nubium
1542 2674 1624 2739 ad
1675 2675 2026 2739 Socratem
2075 2676 2548 2754 rusticumque
2594 2674 3084 2740 allocutionem

730 2810 857 2882 (vs.
905 2803 1303 2876 358—363),
1350 2799 1818 2864 venerationis
1864 2800 2111 2882 plenus
2158 2800 2328 2865 dicit
2372 2804 2499 2882 (vs,
2549 2802 2738 2876 364):

863 2924 913 2990 ὦ
978 2933 1101 3008 Γῆ,
1167 2941 1277 2990 τοῦ
1326 2919 1727 3007 φθέγματος]
1777 2929 1861 2999 ὡς
1911 2927 2070 3007 ἱερὸν
2119 2929 2222 2988 καὶ
2271 2930 2494 3006 σεμνὸν
2545 2932 2649 2989 καὶ
2705 2920 3085 3008 τερατῶδες]

816 3053 943 3117 Per
1015 3056 1264 3117 ter-ram
1310 3050 1595 3117 iurando
1646 3054 1677 3112 ὁ
1723 3053 2022 3134 ἐφήμερος
2068 3053 2192 3130 (vs,
2243 3052 2396 3130 223)
2443 3052 2664 3134 lepide
2711 3052 3086 3132 opponitur

731 3177 1044 3242 Nubibus
1100 3176 1357 3240 divinis
1418 3193 1792 3256 earumque
1849 3176 2251 3257 cultoribu8‚
2299 3176 2484 3240 inter
2533 3193 2704 3256 quos
2751 3175 2882 3240 iam
2934 3175 3082 3256 ipse

730 3301 961 3365 haberi
1008 3285 1219 3381 cupit.

816 3425 1073 3490 Blande
1142 3443 1221 3490 ac
1293 3424 1617 3488 benevole
1680 3425 1944 3488 Chorus
2004 3431 2131 3502 (vs,
2197 3425 2350 3501 358)
2397 3441 2654 3500 senem,
2724 3424 3077 3488 novicium

725 3550 1055 3614 cultiorem
1106 3554 1238 3626 (τὸν
1288 3554 1570 3631 θηρατὴν
1620 3548 1826 3627 λόγων
1877 3548 2299 3630 φιλομούσων,
2349 3567 2448 3612 VS.
2503 3549 2678 3628 358),
2714 3547 3082 3629 compellat

725 3673 1283 3752 sacerdotemque
1366 3690 1569 3737 suum
1648 3679 1782 3750 (τὸν
1861 3672 2258 3738 λεπτοτάτων
2339 3673 2544 3756 λήρων
2628 3675 2808 3754 ἱερέα)
2886 3673 3082 3737 iubet

724 3795 946 3860 dicere
994 3794 1025 3858 ὃ
1074 3824 1132 3860 τι
1182 3797 1402 3881 χρῄζει.

818 3921 1243 4004 „Libenter‚''
1300 3923 1399 3986 sic
1462 3923 1603 3987 fere
1663 3923 1967 4002 loquitur
2015 3923 2297 4002 ChorUS‚
2354 3923 2536 4005 „tuis
2581 3929 2698 3999 (sc.
2750 3921 3078 3996 Socratis)

721 4043 1074 4110 desideriis
1141 4048 1549 4127 praebemus
1616 4063 1875 4127 aurem,
1947 4050 2026 4110 tu
2099 4047 2279 4110 enim
2353 4049 2424 4110 ot
2491 4047 2821 4110 Prodicus
2878 4045 3077 4109 nobis

722 4168 892 4232 estis
937 4169 1113 4249 grati
1159 4174 1369 4250 atque
1413 4170 1695 4251 accepti,
1749 4171 1858 4234 hic
1905 4171 1989 4235 ob
2037 4171 2418 4235 doctrinam
2459 4171 2945 4250 iudiciumque,
2993 4175 3072 4234 tu

726 4309 908 4372 vem,
981 4293 1141 4372 quia
1210 4295 1545 4375 superbus
1616 4295 1896 4374 incediS,
1969 4312 2523 4374 quoquoversum
2595 4295 2830 4360 oculos
2895 4294 3070 4358 coni·

723 4416 909 4481 ciens
970 4417 1038 4493 (i.
1094 4435 1161 4481 e.
1223 4418 1585 4497 diligenter
1640 4417 1722 4482 ad
1773 4417 2006 4482 omnia
2051 4419 2460 4500 attendens),
2512 4419 2846 4498 nudisque
2895 4417 3074 4500 pedi·

798 4609 846 4686 1)
907 4608 1011 4667 Nil
1064 4610 1283 4668 mirum
1338 4609 1485 4667 mihi
1540 4609 1787 4668 videtur
1847 4608 2127 4669 Nubibus
2177 4609 2408 4670 deabus
2457 4611 2757 4670 mulierum
2811 4609 3071 4687 figuram

720 4703 1005 4764 tribuisse
1046 4710 1303 4783 poetam.
1371 4706 1735 4764 Graecorum
1778 4708 1938 4764 enim
1983 4707 2080 4765 dei
2125 4713 2299 4765 erant
2341 4706 2856 4786 ἄνθρωπόμορφοι.
2909 4706 3072 4765 Vide

722 4807 921 4861 autem
962 4805 1311 4862 Leeuwenii
1353 4806 1797 4862 annotationem
1841 4805 1918 4863 ad
1960 4825 2050 4864 vs,
2094 4807 2208 4863 341
2255 4811 2318 4863 et
2358 4806 2588 4883 proleg.
2629 4825 2688 4882 p.
2733 4805 2807 4866 V.
