3478 5737
1752 568 1878 630 162

636 762 904 829 lentum
993 779 1073 825 ea
1162 761 1505 842 sapientia
1594 756 1701 825 uti
1795 761 1973 827 velle
2065 762 2148 826 ad
2235 762 2601 827 creditores
2683 764 2978 844 periurio

634 888 987 968 fallendOS,
1056 902 1343 967 eamque
1390 886 1519 951 sibi
1582 885 1858 967 filioque
1919 901 2165 967 cupere
2230 902 2586 951 reservare
2630 890 2756 968 (vs.
2805 888 2980 971 824),

636 1014 1059 1095 spectatores
1135 1010 1274 1075 iam
1357 1009 1770 1091 intellegunt
1852 1032 1946 1087 -3
2020 1014 2379 1075 asseverat
2451 1010 2692 1076 deinde
2763 1016 2978 1093 pater,

636 1154 912 1201 omnem
997 1135 1372 1199 humanam
1454 1133 1869 1213 sapientiam
1939 1150 1980 1196 a
2047 1133 2472 1215 philosophis
2543 1134 2714 1199 disci
2784 1151 3025 1215 posse,
3134 1188 3142 1193 .

634 1262 790 1341 (840
854 1264 999 1342 sq.),
1049 1259 1214 1339 quin
1262 1258 1475 1323 etiam
1524 1262 1607 1331 ὡς
1654 1262 1910 1341 ἀμαθὴς
1957 1254 2014 1321 εἶ
2055 1262 2158 1320 καὶ
2207 1261 2412 1344 παχύς
2459 1260 2660 1337 (842).
2733 1260 2979 1342 Lepide

636 1388 821 1450 hisce
887 1382 1256 1465 postremis
1320 1383 1551 1447 verbis
1611 1384 1861 1448 alludit
1923 1387 2125 1465 poeta
2186 1401 2344 1449 cum
2405 1384 2490 1448 ad
2555 1384 2976 1449 Socraticum

634 1511 803 1576 illud
870 1516 1075 1589 γνῶθι
1142 1509 1423 1584 σεαυτόν,
1485 1512 1632 1572 tum
1704 1508 1790 1572 ad
1867 1508 2103 1572 rustici
2174 1508 2393 1589 ipsius
2460 1508 2980 1591 experientiam,

636 1652 863 1717 quam,
912 1628 991 1700 ut
1036 1650 1196 1697 mox
1244 1632 1621 1713 apparebit,
1670 1632 1892 1697 celare
1939 1630 2158 1696 filium
2205 1648 2341 1696 non
2389 1632 2581 1713 cupit
2627 1638 2842 1715 pater.
2893 1634 2980 1698 Se

636 1736 857 1825 multa
917 1758 1234 1824 didicisse
1296 1756 1497 1821 utilia
1561 1756 1711 1837 (847
1761 1757 1927 1837 sqq.)
1975 1757 2262 1835 probare
2310 1760 2614 1839 conatur,
2665 1759 2980 1841 exemplo

637 1902 803 1949 usus
848 1884 1039 1949 vocis
1083 1881 1532 1963 ἀλεκτρύαινας
1582 1897 1655 1945 se
1700 1884 1938 1945 autem
1982 1886 2109 1945 ὑπὸ
2155 1880 2444 1961 πλήθους
2473 1884 2630 1946 ἐτῶν
2665 1884 2972 1948 omnium

635 2008 962 2074 continuo
1024 2024 1175 2073 esse
1230 2004 1522 2072 oblitum
1570 2004 1958 2086 confitetur,
2007 2022 2220 2086 quare
2267 2006 2486 2071 filium
2533 2011 2853 2089 precatur
2898 2012 2980 2071 ut

634 2133 764 2199 sibi
833 2134 1283 2213 obtemperet,
1350 2129 1924 2210 quemadmodum
1991 2130 2156 2194 olim
2227 2148 2298 2195 se
2360 2130 2500 2195 filio
2563 2130 2984 2197 balbutienti

636 2257 1029 2339 praebuerit
1091 2257 1603 2334 obsequentem.
1693 2254 1883 2318 Licet
1942 2257 2271 2333 gravetur
2333 2254 2518 2319 filius
2579 2272 2652 2321 se
2714 2256 2978 2321 tradere

635 2382 1054 2464 disciplinae,
1113 2384 1347 2444 tamen
1411 2394 1672 2443 morem
1728 2394 1964 2457 gerere
2012 2382 2210 2459 parat
2255 2382 2327 2443 et
2372 2379 2567 2458 quasi
2611 2398 2981 2461 prae-eaque

634 2509 801 2573 mali
867 2507 1080 2571 verba
1134 2504 1499 2585 eloquitur,
1564 2520 1741 2583 quae
1787 2504 2068 2585 pessimi
2125 2503 2363 2569 ominis
2421 2524 2465 2568 a
2506 2505 2982 2587 spectatoribus

635 2632 995 2711 habentur,
1028 2647 1071 2695 a
1100 2627 1360 2693 rustico
1392 2630 1628 2692 autem
1661 2644 1826 2709 prae
1854 2628 2102 2707 gaudio
2133 2629 2532 2694 exsultante
2565 2647 2650 2694 ne
2681 2630 2976 2695 animad-

638 2754 817 2819 verti
880 2753 1157 2835 quidem
1220 2750 1577 2817 videntur:
1647 2755 1748 2836 „te
1809 2752 2009 2817 huius
2053 2752 2151 2817 rei
2178 2753 2578 2835 poenitebit’'
2628 2756 2753 2834 (vs,
2801 2755 2976 2831 865).

726 2881 1095 2960 Socratem,
1159 2894 1295 2941 non
1356 2879 1503 2976 tam
1553 2878 1721 2942 bene
1770 2877 1851 2940 de
1898 2876 2037 2942 filio
2082 2878 2466 2943 reluctante
2515 2879 2976 2961 magistroque

635 3005 815 3072 male
881 3005 1204 3086 precante
1272 3002 1451 3079 (870)
1518 3004 1936 3083 sperantem,
2007 3002 2323 3067 hortatur
2387 3001 2842 3084 StrepsiadeS,
2891 3021 2976 3068 ne

636 3131 730 3194 sit
809 3127 1178 3193 sollicitus:
1263 3125 1619 3205 filiumque
1700 3142 1851 3191 esse
1931 3129 2299 3210 θυμόσοφον
2383 3134 2559 3209 φύσει
2641 3127 2978 3210 exemplis

634 3255 898 3337 probat.
963 3252 1395 3318 Postremum
1459 3251 1683 3314 facere
1744 3268 1883 3316 non
1945 3255 2196 3334 potest,
2255 3253 2423 3332 quin
2471 3253 2690 3317 denuo
2737 3252 2978 3332 magis-

636 3384 825 3445 trum
887 3374 1473 3456 commonefaciat,
1537 3374 1697 3454 quid
1761 3375 2232 3441 institutionis
2277 3378 2598 3460 expetitae
2643 3376 2976 3454 (minime-

638 3521 769 3583 que
828 3521 871 3567 a
928 3500 1327 3583 philosopho
1375 3497 1667 3575 oblatae)
1714 3501 1809 3564 sit
1853 3499 2235 3581 consilium,
2285 3519 2379 3565 sc.
2427 3505 2509 3565 ut
2553 3500 2710 3564 illas
2753 3499 2978 3564 addis-

639 3631 751 3694 cat
796 3627 977 3690 filius
1024 3622 1605 3705 ratiocinationeS,
1651 3625 2004 3708 meliorem,
2045 3641 2218 3706 quae
2257 3625 2534 3708 dicitur,
2574 3628 2648 3691 et
2675 3627 2977 3708 peiorem,

638 3754 697 3820 si
745 3752 977 3817 minus
1020 3751 1279 3831 ambaS,
1328 3752 1563 3813 tamen
1606 3749 1846 3828 utique
1881 3751 2196 3814 iniustam
2235 3751 2464 3832 illam;
2491 3751 2979 3830 Socratemque

636 3875 1098 3941 discedentem
1180 3873 1348 3938 adeo
1416 3889 1581 3938 voce
1650 3873 1985 3955 sequitur,
2059 3875 2251 3955 quasi
2321 3875 2552 3940 furore
2621 3877 2980 3956 correptus

637 4000 922 4079 ideoque
968 4013 1256 4062 movens
1302 3995 1669 4088 cachinnos
1715 4004 1843 4074 (VS.
1893 3999 2082 4074 887):

1344 4123 1529 4184 τοῦτό
1576 4148 1693 4186 νυν
1739 4123 2024 4208 μέμνησ’,
2069 4121 2240 4196 ὅπως

948 4249 1103 4330 πρὸς
1164 4255 1430 4310 πάντα
1493 4252 1585 4310 τὰ
1648 4247 1908 4312 δίκαι’
1973 4247 2313 4327 ἀντιλέγειν
2361 4247 2708 4330 δυνήσεται.

636 4372 762 4452 (Cf.
826 4389 998 4452 quae
1059 4370 1362 4434 diximus
1422 4370 1502 4434 de
1550 4371 2032 4438 iterationibus
2077 4391 2131 4437 c.
2181 4372 2300 4454 III,
2349 4377 2386 4449 ἓ
2434 4375 2495 4454 4,
2543 4391 2604 4454 p.
2657 4373 2782 4437 156
2829 4378 2977 4454 sq.).

726 4496 837 4561 Sic
897 4499 1203 4592 perstare
1265 4495 1582 4560 videmus
1644 4496 2107 4580 Strepsiadem
2169 4497 2240 4560 in
2291 4513 2414 4561 suo
2461 4496 2762 4579 consili0,
2811 4498 2978 4562 licet

636 4626 743 4687 tot
807 4619 1252 4685 difficultates
1320 4621 1889 4703 deceptionesque
1943 4609 2223 4688 'obstare
2285 4621 2423 4685 iam
2485 4622 2579 4685 sit
2624 4625 2974 4704 expertus

639 4747 783 4828 Quo
850 4749 1053 4827 pacto
1123 4763 1305 4809 nunc
1374 4746 1855 4828 philosophum
1927 4767 1998 4812 se
2068 4749 2420 4828 gerentem
2491 4747 2658 4811 facit
2723 4751 2976 4829 poeta?
