3478 5737
1508 593 1631 655 163

398 783 849 847 Submittitne
898 800 971 847 se
1018 783 1337 848 Socrates
1388 785 1623 849 rustici
1671 785 2063 849 desiderio?
2117 785 2456 849 Edocetne
2508 802 2748 849 revera

398 907 615 972 filium
682 912 790 972 τὸν
854 908 1021 991 ἥττω
1069 906 1311 987 Myon?
1382 908 1661 973 Minime
1708 910 2061 989 gentium;
2109 910 2416 991 parcitur
2460 927 2502 975 a
2547 915 2747 991 poeta

396 1031 724 1111 magistro
786 1034 1013 1113 probo.
1088 1032 1479 1097 Curandum
1544 1049 1710 1097 sane
1759 1036 1926 1113 erat,
1978 1050 2062 1096 ne
2110 1033 2236 1097 hoc
2282 1050 2552 1113 quoque
2597 1032 2744 1098 loco

396 1155 689 1233 agricola
738 1153 909 1219 falsa
956 1172 1083 1221 sua
1128 1156 1209 1219 de
1258 1155 1685 1236 philosophia
1733 1156 2051 1237 opinione
2099 1174 2140 1220 a
2181 1156 2458 1221 Socrate
2493 1158 2745 1221 levare-

396 1282 528 1359 tur,
600 1280 761 1358 quia
826 1282 1063 1343 rustici
1124 1298 1303 1344 error
1367 1283 1569 1345 totius
1632 1281 1906 1362 fabulae
1965 1285 2060 1345 est
2121 1282 2653 1362 fundamentum.
2695 1284 2744 1360 1)

396 1404 557 1467 Eam
630 1406 715 1469 ob
783 1420 1064 1468 causam
1127 1404 1489 1486 disciplina
1550 1408 1623 1469 et
1683 1406 2129 1469 institutione
2191 1405 2542 1471 Socratem
2604 1408 2743 1472 filio

396 1528 707 1608 patrique
770 1528 1003 1591 oculos
1062 1530 1327 1610 aperire
1373 1547 1508 1595 non
1558 1530 1727 1594 sinit
1776 1534 2013 1611 poeta;
2057 1502 2188 1594 'nec
2238 1532 2454 1611 magis
2500 1536 2742 1597 autem

396 1652 557 1717 facit
622 1653 993 1733 Socratem,
1045 1671 1248 1733 quem
1298 1655 1637 1718 intactum
1686 1654 1880 1734 cupit
1927 1654 2332 1735 relinquere,
2383 1656 2742 1720 docentem

398 1782 499 1841 τὸν
585 1778 753 1860 ἥττω
822 1777 1029 1856 λόγον.
1125 1778 1294 1859 Quid
1365 1778 1647 1843 tandem
1722 1779 1994 1843 invenit
2065 1784 2144 1843 ut
2213 1780 2572 1859 utriusque
2642 1782 2740 1845 rei

398 1905 729 1968 habeatur
792 1904 1017 1968 ratio?
1090 1904 1645 1983 Ingeniosissime
1707 1904 1925 1969 filium
1966 1904 2350 1968 auditorem
2401 1905 2567 1968 fecit
2613 1906 2744 1969 dis—

384 2029 773 2109 putationis,
822 2028 996 2092 duos
1041 2029 1223 2093 inter
1270 2033 1577 2093 oratores
1624 2029 1920 2109 habitae,
1971 2044 2264 2108 quorum
2302 2029 2481 2094 alter
2519 2029 2742 2094 defen·

395 2152 495 2215 dit
556 2154 856 2233 probam,
917 2152 1092 2217 alter
1154 2169 1444 2233 pravam
1513 2152 1796 2216 vivendi
1849 2154 2209 2217 rationem.
2282 2152 2452 2233 Quid
2503 2156 2751 2234 porro?

396 2276 778 2355 Quemnam
840 2277 1109 2341 exitum
1174 2277 1425 2340 habere
1473 2276 1765 2341 debebat
1812 2276 1930 2339 illa
1977 2277 2406 2357 disputatio?
2479 2276 2550 2341 Si
2603 2278 2748 2341 vin-

396 2404 579 2465 ceret
651 2402 683 2463 ὁ
751 2402 1005 2474 Δίκαιος
1068 2402 1351 2480 ideoque
1416 2400 1537 2465 filii
1599 2402 1908 2465 favorem
1971 2401 2099 2466 sibi
2163 2406 2612 2483 compararet,
2663 2401 2745 2466 ad

394 2525 671 2591 irritum
735 2527 1163 2606 redigeretur
1224 2526 1440 2606 patris
1501 2543 1713 2606 prava
1767 2526 2112 2607 cupientis
2157 2543 2315 2607 spes
2360 2526 2745 2591 consilium-

396 2666 544 2727 que,
608 2654 983 2729 actumque
1044 2653 1229 2713 esset
1291 2649 1371 2712 de
1434 2649 1583 2714 eius
1644 2666 1893 2730 errore,
1943 2650 2161 2729 deque
2208 2651 2429 2714 totius
2475 2650 2744 2715 fabulae

397 2774 759 2853 proposito,
851 2773 1071 2855 patris
1140 2776 1493 2854 spectante
1563 2775 2082 2855 paenitentiam.
2177 2774 2463 2839 Curavit
2535 2775 2745 2854 igitur

396 2902 613 2980 poeta,
664 2902 742 2962 ut
789 2899 1098 2964 vinceret
1144 2903 1175 2962 ὁ
1226 2899 1498 2972 ’Ἀδικος
1546 2900 1725 2982 (vide
1775 2900 1960 2964 Part.
2011 2901 2061 2981 I,
2101 2918 2156 2964 o.
2199 2901 2228 2962 Ι
2269 2905 2304 2976 ἓ
2340 2900 2399 2980 5,
2438 2917 2584 2980 pag.
2613 2901 2742 2976 38).

483 3024 677 3088 Alias
722 3041 871 3088 esse
920 3042 1181 3105 causas,
1234 3042 1355 3088 cur
1401 3025 1474 3088 in
1513 3024 1861 3089 comoedia
1892 3028 2128 3088 nostra
2159 3024 2304 3088 iure
2338 3025 2734 3089 vincentem

394 3147 632 3212 fecerit
720 3153 826 3212 τὸν
918 3148 1219 3226 ”Αδικον,
1288 3148 1423 3212 iam
1480 3165 1697 3228 supra
1760 3148 2192 3212 ostendimus
2253 3148 2359 3218 (cf.
2424 3149 2616 3214 Part.
2686 3149 2738 3231 I,

393 3287 537 3354 cap.
586 3272 637 3352 I,
688 3277 725 3348 ἓ
778 3276 833 3354 1,
884 3274 945 3354 2,
996 3276 1055 3353 4,
1108 3291 1169 3354 p.
1220 3273 1299 3336 Ξῖ
1354 3279 1527 3352 sqq.)

480 3395 741 3460 Socrati
814 3413 1088 3478 parcere
1151 3397 1450 3461 voluisse
1515 3401 1810 3478 poetam,
1875 3397 2086 3461 etiam
2149 3415 2235 3460 ex
2299 3414 2376 3461 eo
2433 3402 2735 3479 apparet,

390 3519 563 3597 quod
632 3521 1081 3601 disputationi
1146 3523 1589 3602 philosophus
1645 3539 1782 3585 non
1840 3522 2151 3586 interest.
2201 3525 2344 3600 (ἐγὼ
2395 3523 2450 3584 δ’
2500 3524 2737 3602 ἄπειμι,

388 3661 487 3708 vs.
539 3646 713 3722 887).

476 3900 511 3968 ἓ
576 3894 637 3956 2.
734 3893 900 3958 Post
972 3894 1331 3972 utriusque
1401 3891 1625 3972 Λόγου
1694 3893 2236 3975 disputationem
2297 3894 2612 3960 Socrates
2660 3913 2732 3958 se

386 4017 677 4079 eundem
734 4019 1017 4098 praebet
1064 4017 1403 4098 placidum
1453 4018 2022 4098 moderatumque
2073 4017 2475 4097 magistrum
2525 4023 2730 4098 atque

385 4143 607 4204 antea.
680 4142 1026 4220 Quantum
1078 4143 1338 4206 distant
1389 4142 1667 4206 huiusce
1716 4143 1926 4205 verba
1973 4159 2013 4204 a
2061 4141 2389 4205 Dissoluti
2424 4143 2728 4206 oratione

386 4269 665 4328 actuosa
728 4265 1205 4346 seditiosaque,
1272 4284 1443 4345 quae
1508 4266 1863 4346 rusticum,
1929 4283 2130 4345 quem
2197 4283 2332 4330 una
2389 4284 2548 4331 cum
2591 4267 2728 4330 filio

462 4479 511 4553 1)
579 4479 663 4538 Ut
723 4483 916 4554 poeta,
978 4478 1075 4534 cui
1132 4479 1388 4534 maxime
1443 4477 1607 4534 cordi
1662 4484 1810 4552 erat,
1869 4483 1938 4534 ut
1993 4475 2726 4552 intellegereturfabulae

387 4577 717 4652 consilium,
775 4595 975 4633 rerum
1033 4595 1325 4632 summam
1370 4575 1551 4633 etiam
1594 4583 1773 4650 atque
1817 4575 1996 4632 etiam
2041 4596 2076 4632 a
2118 4576 2342 4632 rustico
2385 4575 2530 4631 fecit
2573 4595 2727 4632 com-

387 4679 814 4731 memorantem
892 4678 1399 4748 repetentemque,
1477 4674 1565 4731 sic
1626 4673 1800 4731 nobis
1863 4693 2172 4750 speramus
2235 4672 2362 4730 fore
2427 4677 2494 4729 ut
2551 4691 2725 4730 nemo

385 4775 583 4829 vertat
624 4771 791 4846 vitio,
836 4791 945 4828 nos
986 4790 1223 4846 semper
1265 4771 1515 4828 eandem
1560 4771 1814 4828 tundere
1858 4771 2155 4829 incudem.
