3478 5737
1573 607 1658 672 29

435 802 723 884 depicta,
793 801 1451 867 inconsideratorum
1525 802 1736 866 etiarn
1805 801 1989 867 ultra
2049 805 2289 883 poetae
2351 803 2789 868 voluntatem

439 929 723 991 movent
825 926 1216 1008 cachinnos,
1323 925 1902 1005 quemadmodum
2012 928 2291 991 Avarus
2399 926 2515 992 ille
2605 928 2787 1009 apud

437 1049 818 1132 Molierum‚
895 1087 954 1095 —
1037 1052 1114 1113 at
1195 1049 1473 1129 penitus
1559 1049 1981 1114 sentientem
2067 1050 2259 1132 talia,
2330 1051 2513 1115 haud
2556 1052 2788 1116 aliter

437 1180 728 1257 possunt
772 1175 1044 1240 afficere
1091 1191 1168 1238 ac
1217 1175 1274 1239 si
1323 1191 1458 1239 non
1506 1175 1927 1240 comoediam
1976 1179 2321 1257 spectaret
2366 1176 2482 1240 sed
2532 1180 2785 1256 tragoe-

437 1301 655 1380 diam;
723 1299 984 1364 etenim
1055 1300 1223 1363 bene
1293 1302 1560 1363 morato
1622 1299 2085 1364 misericordia
2147 1299 2496 1364 videbitur
2541 1299 2786 1378 dignus

439 1423 756 1504 Harpago
829 1423 966 1502 ille,
1037 1424 1286 1505 quippe
1357 1423 1494 1504 qui,
1565 1424 1726 1488 dum
1798 1422 1999 1487 aliter
2063 1440 2137 1486 se
2196 1440 2429 1503 gerere
2490 1445 2573 1486 ne
2632 1425 2789 1487 velle

439 1547 700 1630 quidem
772 1550 1022 1629 potest,
1089 1547 1284 1628 quasi
1345 1547 1627 1611 innatae
1676 1563 1841 1611 suae
1887 1547 2220 1611 avaritiae
2270 1547 2667 1629 ludibrium,
2716 1548 2789 1611 et

437 1673 719 1737 sibimet
774 1672 902 1753 ipsi
953 1671 1024 1735 et
1071 1671 1402 1752 proximis
1450 1671 2042 1751 familiaribusque
2089 1689 2292 1751 quam
2345 1672 2649 1736 maxime
2696 1672 2791 1736 sit

441 1797 634 1862 oneri
681 1801 890 1876 atque
936 1797 1388 1860 incommodo,

527 1920 604 1984 In
669 1919 970 1985 Nubium
1032 1922 1267 1984 autem
1329 1919 1562 1984 fabula
1623 1919 2075 2001 StrepsiadeS,
2137 1919 2254 2000 qui
2316 1936 2531 1998 aeque
2578 1921 2788 2000 atque

437 2049 714 2108 Avarus
761 2044 896 2125 ille,
947 2044 1220 2108 vesanis
1266 2042 1703 2124 opinionibus
1751 2043 2128 2108 obstrictus
2176 2060 2294 2124 per
2337 2046 2559 2108 totam
2598 2045 2786 2108 fabu-

437 2168 577 2233 lam
626 2172 1092 2248 spectatorum
1141 2185 1348 2247 quam
1397 2168 1700 2232 maxime
1748 2171 1984 2231 movet
2028 2167 2509 2248 attentionem,
2539 2167 2786 2232 idcirco

439 2295 670 2358 minus
717 2292 1156 2357 miseratione
1205 2295 1443 2356 nostra
1487 2295 1596 2356 est
1633 2291 1900 2372 dignus,
1941 2291 2101 2370 quia
2139 2309 2313 2370 quae
2350 2291 2541 2373 cupit
2578 2295 2785 2371 atque

437 2418 706 2499 patitui·
772 2433 908 2481 non
959 2421 1102 2481 tam
1153 2420 1231 2481 ut
1275 2416 1454 2495 apud
1507 2419 1818 2480 Avarum
1865 2416 2145 2480 innatae
2194 2414 2404 2480 indoli
2451 2418 2619 2480 sunt
2668 2415 2785 2479 tri-

437 2541 706 2606 buenda
765 2558 969 2620 quam
1032 2541 1328 2606 absurdo
1389 2539 1767 2620 decipiendi
1832 2539 2081 2622 studio,
2143 2539 2317 2620 quod
2383 2540 2688 2605 studium
2745 2556 2788 2603 a

439 2668 644 2746 poeta
705 2665 914 2728 nimis
974 2665 1282 2746 pingitur
1344 2663 1641 2728 stultum
1691 2680 1899 2744 quam
1948 2666 2026 2727 ut
2071 2680 2237 2728 vera
2285 2663 2519 2728 haberi
2567 2662 2787 2744 possit

440 2789 808 2853 miserandi
859 2788 1169 2853 mortalis
1215 2787 1667 2871 cupiditatum
1718 2788 1966 2866 imago.
2016 2786 2139 2852 Cui
2180 2788 2389 2866 igitur
2428 2786 2783 2868 oppositi0‚

438 2932 614 2994 quae
661 2914 1024 2979 intercedit
1066 2914 1248 2979 inter
1294 2913 1642 2978 Socratem
1689 2930 1769 2977 ac
1818 2912 2302 2995 Strepsiadem‚
2354 2912 2561 2977 nimis
2585 2913 2785 2978 offen-

439 3039 654 3102 sionis
715 3038 986 3102 videtur
1046 3038 1268 3119 plena,
1319 3037 1378 3100 is
1423 3054 1656 3101 secum
1705 3042 1983 3117 reputet
2030 3037 2447 3117 philosopho,
2496 3037 2785 3118 philoso-

439 3162 774 3243 phiaeque
835 3161 1084 3225 studiis
1145 3160 1317 3224 vitio
1379 3177 1513 3223 non
1579 3176 1728 3223 esse
1779 3160 2207 3240 vertendum,
2258 3160 2433 3239 quod
2484 3177 2787 3225 vesanus

439 3286 743 3350 rusticus
785 3285 1038 3365 aliquis
1082 3302 1295 3364 prava
1341 3284 1421 3348 de
1460 3284 1598 3347 illis
1631 3284 1881 3348 studiis
1912 3283 2229 3363 opinione
2260 3286 2370 3347 est
2395 3284 2786 3348 obstrictus.

443 3412 542 3475 At
599 3447 660 3455 -—
720 3410 928 3473 huius
990 3408 1116 3473 loci
1181 3426 1314 3472 non
1378 3412 1487 3471 est
1537 3425 1777 3487 urgere
1826 3407 2281 3489 quaestiones,
2332 3425 2503 3487 quas
2550 3411 2787 3489 postea

439 3535 837 3599 accuratius
881 3533 1352 3599 tractabimus,

534 3789 569 3859 5
617 3786 678 3848 2.
768 3784 924 3848 Alia
980 3784 1246 3848 accedit
1291 3800 1516 3862 causa,
1566 3799 1686 3845 cur
1734 3780 2184 3861 Aristophani
2234 3780 2506 3845 licuerit
2549 3780 2622 3844 in
2668 3779 2786 3844 illo

442 3908 738 3973 duorum
783 3910 1136 3972 oratorum
1184 3906 1560 3972 certamine
1611 3910 1716 3969 τὸν
1765 3905 2044 3969 ’Ἀδικον
2094 3905 2317 3969 facere
2366 3905 2782 3969 vincentem.

441 4033 894 4113 Qua-mquam,
959 4035 1038 4096 ut
1092 4032 1234 4111 jam
1299 4029 1859 4112 significavimuS,
1906 4028 2218 4094 iustitiae
2266 4028 2786 4108 iniustitiaeque

440 4156 561 4222 illa
607 4156 946 4238 oppositio
993 4156 1171 4236 apud
1219 4155 1435 4219 alium
1483 4158 1941 4235 spectatorem
1990 4154 2165 4217 alias
2206 4157 2441 4217 movet
2480 4152 2784 4233 cogitati-

441 4299 629 4364 01166,
689 4282 862 4345 alios
905 4282 1197 4346 affectus
1242 4296 1639 4360 sensusque,
1689 4279 2063 4343 secundum
2113 4278 2375 4342 variam
2426 4278 2785 4342 hominum

443 4406 742 4471 indolem
809 4406 1282 4470 educationem
1347 4402 1861 4467 institutionem
1928 4402 2407 4484 eruditionem,
2472 4440 2533 4447 —
2592 4402 2789 4467 cuius

444 4531 540 4595 rei
629 4534 899 4613 poetam
985 4534 1296 4594 nostrum
1386 4528 1732 4593 conscium
1813 4528 2025 4591 fuisse
2096 4544 2296 4591 nemo
2369 4527 2645 4607 negabit
2714 4564 2775 4571 —

442 4660 679 4719 tamen
768 4654 1028 4735 optime
1113 4670 1346 4717 secum
1435 4656 1787 4733 reputasse
1870 4652 2038 4715 mihi
2120 4652 2392 4716 videtur
2460 4651 2783 4733 comicus

443 4796 518 4843 se
587 4780 825 4863 vulqus
891 4778 1204 4861 iynarum
1273 4781 1345 4841 et
1404 4778 1797 4860 profanum,
1870 4777 2045 4855 quod
2118 4794 2238 4856 per
2306 4776 2785 4857 Bacchanalia,
