3478 5737
1572 568 1658 632 93

448 761 998 842 delicatissimus,
1061 778 1148 827 ne
1213 763 1300 828 ab
1349 762 1719 838 Equitibus
1766 763 1851 827 ob
1898 763 2095 827 faciei
2146 762 2473 844 pallorem
2522 766 2795 848 languo-

450 902 726 965 remque
785 886 1109 951 rideatur.
1192 885 1571 966 Postquam
1635 889 1833 970 pater
1896 887 2119 951 iratus
2164 885 2379 952 filium
2430 890 2641 955 minis
2685 897 2795 956 est

449 1014 866 1091 prosecutuS,
930 1008 1241 1075 instituit
1287 1011 1433 1093 ipse
1480 1011 1665 1076 adire
1715 1016 1783 1077 τὸ
1832 1015 2322 1096 φροντιστήριον.
2396 1014 2611 1096 Atqui
2660 1033 2792 1095 quo

448 1137 644 1216 pacto
707 1135 905 1219 γέρων
971 1137 1059 1199 ὢν
1123 1133 1536 1216 κάπιλήσμων
1601 1141 1704 1199 καὶ
1753 1135 1988 1222 βραδὺς
2032 1137 2567 1202 'ratiocinationes
2610 1157 2793 1204 accu-

443 1263 634 1324 ratas
675 1261 1072 1342 subtilesque
1115 1259 1348 1344 (λόγων
1396 1265 1676 1347 ἀκριβῶν
1724 1262 2217 1349 σχινδαλάμους)
2260 1263 2619 1328 addiscet?
2690 1263 2791 1328 EX

441 1383 626 1449 hisce
671 1384 1006 1466 agricolae
1053 1387 1622 1453 meditationibus
1660 1393 1855 1470 patet
1892 1405 2049 1453 eum
2090 1387 2347 1470 optime
2388 1385 2560 1450 scire
2594 1387 2791 1451 ratio-

443 1509 902 1575 cinationibus
961 1528 1240 1576 causam
1303 1511 1708 1577 deteriorem
1775 1513 2313 1591 debilioremque
2370 1510 2790 1594 superiorem

445 1651 640 1714 posse
687 1635 998 1700 evadere.

533 1758 724 1823 Licet
809 1775 946 1824 vox
1031 1759 1496 1844 σχινδαλάμους
1579 1799 1640 1806 -
1720 1761 1919 1826 cuius
1986 1759 2304 1842 proprius
2372 1773 2619 1822 sensus
2687 1763 2795 1822 est

437 1882 798 1962 scindulae,
855 1885 1120 1948 assulae
1143 1881 1194 1959 1)
1255 1921 1316 1928 —-
1375 1885 1626 1948 habeat
1667 1884 1927 1965 aliquid
1976 1881 2401 1962 acerbitatiS‚
2451 1881 2511 1945 si
2558 1884 2795 1946 vertas

441 2022 563 2086 pei·
613 2006 882 2070 subtiles
938 2025 1178 2089 nuans,
1242 2011 1476 2072 tamen
1539 2011 1648 2072 est
1707 2006 2213 2072 concedendum
2261 2002 2671 2068 vocabulum
2718 2005 2789 2068 in

441 2145 557 2194 ore
627 2131 865 2194 rustici
935 2131 1262 2196 submissi
1331 2131 1795 2214 supplicisque
1866 2131 2097 2195 minus
2158 2131 2406 2194 habere
2468 2129 2788 2193 invidiosi

443 2271 650 2332 quam
715 2254 786 2318 in
850 2252 1136 2334 legenda
1195 2255 1428 2320 fabula
1473 2256 1769 2320 fortasse
1815 2253 2204 2320 credideris,
2276 2253 2559 2318 Minime
2604 2253 2787 2316 enim

440 2377 514 2442 in
567 2377 820 2442 malam
867 2382 1159 2460 partem,
1207 2379 1320 2444 sed
1364 2379 1730 2444 honorifice
1762 2379 2067 2444 rusticus
2098 2395 2336 2442 vocem
2368 2377 2581 2458 accipi
2616 2377 2789 2442 vult.

443 2501 522 2566 In
593 2517 670 2566 eo
739 2503 998 2584 autem,
1069 2504 1244 2582 quod
1319 2505 1620 2568 rusticus
1689 2505 1965 2568 nescius
2036 2503 2263 2568 utitur
2334 2519 2518 2582 voce,
2584 2519 2791 2582 quam

441 2629 870 2708 spectatores
915 2644 1053 2692 non
1099 2631 1246 2692 tarn
1293 2628 1363 2691 in
1413 2629 1742 2693 honorem
1782 2628 2034 2692 dictam
2082 2627 2453 2708 accipiunt,
2503 2625 2639 2690 sita
2684 2629 2795 2690 est

441 2749 552 2813 vis
596 2750 875 2832 comica,
925 2768 1100 2830 quae
1163 2789 1206 2798 -
1280 2751 1577 2818 libenter
1624 2752 2061 2816 concedimus
2120 2789 2181 2798 —
2232 2749 2787 2832 philosophorum

442 2892 712 2955 quoque
765 2876 1016 2941 damno
1062 2877 1446 2941 adhibetur.
1517 2877 1622 2941 Ad
1671 2876 2059 2941 comoediae
2106 2879 2341 2940 tamen
2390 2875 2672 2940 Atticae
2720 2876 2791 2939 in

445 3000 844 3063 universum
892 3000 1224 3086 invidiam
1273 3001 1452 3080 quod
1501 3001 1827 3081 pertinet,
1878 3000 2259 3065 rectissime
2308 3018 2397 3063 m.
2432 2999 2475 3063 i.
2516 3000 2794 3080 scripsit

441 3124 522 3187 G.
585 3122 1030 3188 Hermannus
1091 3123 1277 3201 (edit.
1339 3124 1504 3189 anni
1572 3124 1743 3189 1830
1789 3125 2075 3206 praefat.
2126 3123 2507 3199 XXXIII):
2563 3123 2791 3207 „Haec

441 3248 626 3311 enim
681 3248 817 3311 fuit
863 3250 1222 3328 poetarum
1275 3248 1530 3312 veteris
1577 3248 1963 3313 comoediae
2010 3248 2429 3313 consuetudo
2478 3250 2550 3310 et
2598 3246 2790 3310 liber-

443 3376 574 3453 tas,
625 3374 704 3435 ut
753 3388 888 3436 non
933 3372 1154 3453 m0d0,
1204 3389 1336 3451 quo
1385 3373 1674 3453 quisque
1724 3372 1959 3454 vellet,
2008 3372 2241 3437 studia
2288 3370 2520 3451 populi
2560 3370 2791 3451 impel-

441 3495 634 3571 leret,
687 3496 862 3559 unde
907 3499 1144 3560 autem
1195 3496 1426 3578 vellet,
1475 3497 1859 3577 deduceret,
1908 3496 2022 3561 sed
2072 3497 2279 3561 etiam
2324 3498 2421 3577 ut,
2462 3494 2789 3575 quidquid

531 3778 580 3849 1)
639 3778 1110 3853 σχινδαλάμους.
1197 3778 1294 3836 Ita
1349 3778 1694 3835 Brunckius
1752 3776 1851 3855 (ad
1902 3776 2053 3835 Ran.
2098 3778 2257 3853 812³),
2302 3796 2477 3851 quem
2522 3776 2595 3835 G.
2640 3776 2791 3834 Her-

445 3893 702 3932 mannus
743 3874 850 3932 alii
890 3876 1082 3933 secuti
1123 3881 1284 3934 sunt.
1343 3877 1758 3952 σχινδάλμους
1800 3874 1893 3949 R,
1940 3876 2337 3951 σκινδαλμούς
2365 3874 2439 3935 V.
2481 3874 2579 3933 De
2608 3874 2791 3949 scrip-

447 3978 586 4031 tura
627 3969 703 4029 cf.
747 3970 970 4031 Moeris
1012 3971 1091 4048 (p.
1135 3972 1310 4051 360):
1357 3974 1734 4050 σχινδαλμὸς
1779 3976 1840 4028 έν
1888 3980 1967 4028 τί)
2014 3992 2063 4048 χ
2111 3970 2791 4048 Ἀττικοὶ,σ·κινδαλμὸς

445 4069 766 4143 ’Έλληνες
809 4068 1074 4146 Hesych.
1120 4071 1364 4129 tertiam
1405 4070 1658 4128 formam
1701 4068 1910 4127 affert:
1958 4070 2379 4146 σκννδόιλαμος.
2426 4070 2521 4127 De
2563 4067 2791 4143 signifi-

443 4166 682 4224 catione
721 4166 844 4224 vid.
888 4166 1069 4226 schol.
1112 4167 1190 4225 ad
1231 4166 1390 4227 Nub.
1435 4188 1522 4227 vs,
1573 4169 1716 4225 130:
1766 4173 1841 4223 τὰ
1888 4174 2004 4223 τῶν
2049 4172 2337 4243 καλάμων
2372 4170 2680 4242 ξύσματοι,
2714 4178 2789 4221 τά

445 4266 796 4321 λεπτότατα
855 4272 972 4321 τῶν
1027 4267 1249 4341 ξύλων,
1308 4272 1370 4323 et
1431 4265 1613 4323 schol.
1661 4264 1738 4323 ad
1782 4265 1935 4323 Rau.
1980 4283 2065 4321 vs
2109 4264 2258 4321 819:
2307 4268 2511 4341 κυρίως
2554 4266 2620 4319 τὸ
2662 4279 2789 4338 περι

447 4380 548 4419 τον
593 4361 802 4438 φλοεὸν
846 4367 952 4418 τοῦ
992 4368 1264 4439 καλάμου
1308 4366 1527 4441 ξέσμα.
1575 4361 1867 4421 Eiusdem
1910 4358 2037 4418 sere
2082 4361 2341 4417 notionis
2382 4366 2525 4418 sunt
2554 4360 2788 4434 σχῖδος..

447 4462 706 4535 σχὶδαξ,
771 4460 985 4535 σχέδη,
1043 4458 1117 4518 cf.
1182 4460 1432 4537 scidula⁷
1491 4460 1785 4533 scindulo„
1842 4458 2081 4517 scheda.
2144 4458 2389 4517 Festive
2446 4458 2637 4533 igitur
2676 4476 2791 4515 vox

445 4575 482 4613 e
537 4574 602 4614 re
655 4556 880 4614 rustica
929 4558 1138 4633 petita,
1183 4558 1407 4615 rustico
1449 4557 1739 4615 tribuitur
1781 4556 1859 4613 ad
1904 4560 2303 4628 λεττολογίσις
2344 4553 2788 4629 significandas.

447 4653 798 4730 Philosophi
863 4652 996 4712 ideo
1057 4656 1214 4731 patri
1280 4676 1457 4731 parco
1521 4656 1779 4731 placent,
1845 4653 1986 4727 quia
2050 4656 2503 4730 σχινδαλάμους
2546 4652 2791 4709 minime

447 4752 760 4829 negligere
801 4750 1102 4811 videntur.
