3478 5737
1806 581 1930 644 194

701 775 917 840 Filius
995 778 1253 856 autem,
1334 776 1451 855 qui
1519 792 1656 840 non
1726 775 2108 841 Socraticos
2173 774 2289 839 sed
2360 778 2628 856 patrem
2697 776 2768 840 in
2838 776 3036 859 culpa

700 917 850 966 esse
918 901 1151 981 sentit,
1222 900 1439 981 patris
1504 899 1752 965 ultioni
1820 916 2098 980 operam
2165 902 2486 981 praebere
2553 899 2842 981 denegat
2909 903 3033 983 (vs.

703 1027 926 1103 1467):

790 1272 902 1339 Sic
970 1275 1106 1339 iam
1170 1275 1307 1339 filio
1369 1274 1753 1358 philosophi
1815 1291 1950 1339 non
2013 1273 2312 1355 amplius
2370 1277 2451 1338 ut
2510 1276 2718 1339 antea
2775 1274 2882 1353 (cf.
2933 1292 3033 1338 vs.

705 1399 829 1462 102
892 1402 1064 1479 sqq.)
1126 1400 1293 1463 sunt
1350 1398 1598 1477 ingrati
1646 1397 2040 1477 fastidiique
2085 1397 2290 1479 pleni.
2365 1398 2465 1462 Ut
2510 1398 2704 1463 decet
2747 1397 3035 1479 discipu-

698 1521 865 1604 lum,
935 1539 1052 1587 eos
1118 1523 1482 1587 aestimare
1539 1539 1618 1586 ac
1678 1522 1959 1603 diligere
2019 1522 2290 1587 didicit:
2355 1522 2451 1586 nil
2505 1521 2688 1586 enim
2739 1522 2903 1587 mali
2949 1524 3034 1588 ab

699 1645 786 1710 iis
852 1649 961 1710 est
1024 1650 1373 1727 expertUS‚
1432 1646 1634 1725 idque
1696 1648 1822 1711 hoc
1883 1663 2019 1711 uno
2079 1650 2357 1712 tantum
2419 1664 2624 1712 versu
2671 1647 3032 1727 significat.

702 1770 976 1835 Patrem
1046 1774 1288 1835 contra
1352 1770 1736 1852 philosophi
1805 1770 2024 1853 ipsius
2091 1771 2433 1853 opinionis
2494 1771 2809 1837 fecerunt
2871 1773 3034 1838 ludi-

699 1895 945 1976 brium,
993 1894 1195 1974 idque
1242 1895 1499 1975 optimo
1544 1895 1712 1976 iure,
1763 1895 1923 1975 quia
1967 1896 2398 1977 sapientibus
2441 1912 2522 1959 ea
2562 1896 2790 1976 opinio
2828 1913 3032 1976 quarn

698 2019 1003 2083 maxime
1062 2017 1432 2083 offensione
1478 2020 1627 2083 erat
1674 2018 1895 2099 plena.
1976 2019 2410 2099 spectatores
2454 2020 2664 2101 igitur
2710 2019 2832 2084 filii
2879 2038 3035 2100 quo-

700 2159 831 2222 que
898 2143 1327 2208 recusatione
1392 2142 1826 2208 adducuntur
1890 2144 1974 2207 ad
2042 2143 2394 2209 meliorem
2464 2144 2546 2209 de
2613 2144 3036 2226 philosophis

698 2268 1107 2349 opinionem,
1168 2267 1503 2347 siquidem
1567 2272 1673 2332 est
1726 2268 2194 2349 accipiendum
2253 2269 2558 2349 ipsorum
2621 2286 2790 2333 sana
2831 2270 3029 2351 16110,

696 2392 1143 2473 experientia,
1204 2391 1473 2457 fabulae
1526 2391 1888 2457 consilium
1933 2408 2052 2456 eos
2099 2391 2401 2458 nondum
2449 2394 2620 2457 satis
2663 2393 3031 2459 adduxisse

698 2520 777 2581 ut
850 2516 1061 2581 falsas
1134 2516 1217 2581 de
1300 2516 1786 2598 philosophicis
1870 2516 2119 2581 studiis
2199 2517 2648 2597 cogitationes
2727 2518 3032 2583 facerent

696 2641 965 2706 missas.
1036 2641 1313 2706 Festive
1375 2641 1619 2706 haecce
1674 2641 1851 2706 ratio
1897 2640 2112 2706 filium
2161 2641 2344 2707 inter
2387 2645 2458 2706 et
2503 2646 2792 2724 patrem,
2839 2660 3030 2724 supe·

695 2765 855 2830 riori
917 2766 1167 2831 rationi
1214 2784 1503 2848 prorsus
1560 2767 1900 2831 contraria
1955 2802 2035 2811 —
2097 2764 2260 2830 olim
2321 2766 2507 2830 6111111
2568 2765 2751 2831 filius
2797 2767 3032 2831 oderat

695 2891 1153 2974 philosophos,
1200 2895 1395 2973 pater
1440 2893 1681 2956 contra
1724 2904 1834 2955 τοῦ
1881 2890 2139 2974 ἥττονος
2169 2889 2361 2970 λόγου
2391 2908 2548 2972 ergo
2579 2891 2907 2957 adorabat
2935 2929 3026 2973 —-‚

695 3019 971 3082 nostrae
1054 3016 1327 3081 fabulae
1406 3016 1676 3080 exitum
1753 3016 1980 3081 reddit
2061 3016 2448 3081 attentione
2528 3015 3027 3096 dignissimum.

696 3141 973 3206 Etenim
1056 3141 1298 3222 filium,
1379 3140 1659 3205 meliora
1741 3141 2039 3222 doctum,
2125 3157 2307 3205 nunc
2388 3140 2804 3206 monendum
2879 3158 3029 3207 esse

694 3269 930 3330 censet
998 3269 1215 3348 pater,
1288 3268 1365 3329 ut
1422 3267 1663 3329 caveat
1723 3264 1914 3329 illam
1977 3265 2530 3346 philosophorum
2559 3348 2564 3352 ¹
2595 3265 2672 3330 de
2716 3267 2846 3330 diis
2889 3265 3030 3346 opi-

696 3391 992 3472 nionem,
1076 3363 1250 3470 quae
1332 3389 1461 3470 ipsi
1547 3387 1708 3454 olim
1779 3392 2138 3469 tantopere
2206 3390 2342 3454 fuit
2407 3393 2623 3471 grata.
2724 3390 3030 3472 Apparet

694 3515 1033 3580 rusticum
1092 3515 1313 3580 adhuc
1371 3514 1753 3579 Socraticos
1813 3514 2045 3579 Iovem
2102 3515 2598 3596 popularesque
2656 3515 2820 3580 deos
2878 3532 3027 3580 con·

692 3642 1086 3704 temnentes
1160 3638 1291 3703 sibi
1360 3638 1610 3718 fingere
1677 3637 2175 3718 verissimaque
2245 3639 2492 3703 habere
2559 3640 2791 3704 omnia
2856 3655 3027 3719 quae

694 3763 1011 3828 Socrates
1064 3764 1128 3828 ei
1188 3763 1612 3844 imposuerit.
1686 3763 1834 3827 Iam
1897 3766 1976 3828 ut
2021 3763 2236 3848 filium
2281 3763 2369 3827 ad
2417 3762 2752 3829 ultionem
2797 3764 3028 3846 impel-

692 3888 813 3971 lat,
871 3891 1105 3954 monet
1166 3891 1246 3952 ut
1304 3887 1489 3952 Iovis
1548 3887 1757 3967 patrii
1804 3888 1898 3952 sit
1942 3904 2222 3968 memor,
2271 3905 2473 3968 quem
2521 3887 2622 3953 illi
2665 3905 3026 3968 aspernan-

694 4016 811 4078 tur
857 4015 981 4094 (vs.
1036 4012 1260 4091 1468):

1180 4143 1285 4202 ναὶ
1332 4139 1460 4215 ναί,
1506 4137 1951 4221 καταιδέσθητι
1996 4133 2288 4224 πατρῷον
2339 4141 2478 4202 Δία.

782 4261 1029 4326 Facere
1100 4279 1237 4328 non
1283 4265 1513 4344 potest
1558 4262 1763 4343 filius,
1812 4264 1978 4343 quin
2025 4267 2288 4344 patrem
2337 4280 2520 4328 nunc
2567 4263 2815 4327 habeat
2859 4261 3028 4326 ludi·

694 4383 862 4464 brio,
927 4385 1005 4449 ad
1074 4387 1285 4451 verba
1344 4403 1563 4466 nuper
1622 4403 1665 4452 a
1722 4389 1917 4468 patre
1963 4385 2145 4450 dicta
2187 4385 2534 4451 alludens:
2583 4385 2722 4450 ἰδού
2764 4411 2832 4465 γε
2883 4388 3027 4450 ‘Ala

696 4506 1049 4596 πατρῷον’·
1098 4515 1197 4585 ὡς
1243 4515 1585 4597 ἀρχαῖος
1631 4508 1706 4576 εἶ
1742 4511 1850 4594 (cf.
1900 4527 2001 4575 VS.
2049 4510 2200 4592 818,
2253 4511 2424 4574 1240
2460 4528 2583 4593 Sq.‚
2617 4511 2787 4592 916).
2837 4512 3024 4596 „Iam

694 4635 917 4701 denuo
984 4637 1203 4702 credis
1272 4637 1505 4702 Iovem
1572 4637 1776 4702 esse?
1846 4639 2022 4717 (Ζεὺς
2087 4635 2208 4718 γάρ
2277 4662 2368 4710 τις
2430 4636 2591 4701 ’ἐστιν
2611 4635 2698 4714 ;)”
2765 4639 3027 4718 Aperte

695 4763 905 4841 atque
966 4762 1226 4826 sincere
1284 4761 1589 4826 affirmat
1650 4765 1880 4844 pater:
1951 4761 2222 4847 „t'rsrwss’
2285 4778 2364 4827 eo
2410 4778 2732 4844 responso
2780 4759 3028 4840 signifi-
