3478 5737
1544 600 1667 663 167

432 812 605 876 quae
666 794 906 859 statim
968 796 1124 875 post
1184 792 1329 857 sint
1386 794 1743 871 eventura,
1809 790 1927 855 uni
1978 790 2392 872 Strepsiadls
2437 790 2781 857 attribuat

431 918 647 984 errori
694 917 963 983 stolido.

522 1045 895 1123 Postquam
941 1060 1237 1124 saccum,
1286 1042 1548 1105 farinae
1596 1041 1896 1123 plenum,
1951 1040 2275 1120 magistro
2322 1040 2594 1121 obtulit,
2642 1060 2776 1123 quo

430 1170 626 1249 dono,
690 1168 829 1231 iam
892 1184 991 1230 vs,
1056 1167 1187 1229 669
1234 1168 1318 1231 ob
1365 1166 1553 1230 illius
1599 1166 2018 1248 ἀλεκτρύαινα
2066 1165 2257 1229 vocis
2304 1166 2585 1247 δίδαγμα
2631 1184 2776 1247 pro·

430 1294 659 1374 miSSO,
722 1294 999 1373 gratum
1058 1310 1263 1356 suum
1325 1308 1483 1371 erga
1544 1296 2058 1373 praeceptorem
2120 1290 2430 1356 animum
2478 1292 2780 1357 ostendit

429 1423 500 1484 et
545 1418 827 1483 huiusce
873 1416 1427 1481 benevolentiam
1470 1418 1704 1481 astute
1753 1416 1974 1481 colerc
2023 1416 2280 1497 studet,
2331 1420 2522 1497 rogat
2570 1416 2809 1498 philo··

430 1544 719 1625 sophum
766 1546 891 1621 (vs.
942 1541 1173 1617 1148):

829 1668 934 1729 καί
980 1692 1086 1748 μοι
1133 1671 1240 1730 τὸν
1295 1666 1451 1743 υἱόν,
1497 1671 1549 1729 εἰ
1595 1671 1916 1750 μεμάθηκε
1967 1670 2074 1729 τὸν
2125 1664 2314 1744 λόγον

824 1796 1077 1869 ἐκεῖνον,
1130 1790 1271 1874 εἴφ’,
1319 1794 1389 1855 ὃν
1437 1794 1663 1875 ἀρτίως
1710 1796 2046 1873 εἰσήγαγε-ς.

513 1916 685 1997 Quid
756 1935 941 1982 nunc
1009 1920 1281 1998 oportet
1350 1916 1758 1998 respondere
1817 1915 2224 1981 Socratem?
2313 1912 2523 1978 Poeta
2579 1912 2772 1977 nimi·

425 2058 599 2122 rum,
662 2039 892 2105 fabula
951 2039 1165 2105 semel
1226 2039 1560 2121 disposita
1620 2039 2017 2119 obstrictus,
2083 2036 2256 2101 nihil
2311 2035 2499 2101 aliud
2549 2036 2774 2117 potuit

422 2165 675 2245 fingere
722 2164 1131 2244 magistrum
1179 2165 1704 2245 respondentem
1757 2164 1926 2229 nisi:
1975 2166 2333 2245 μεμάθηκεν
2383 2165 2507 2237 (vs.
2559 2160 2771 2241 1150),

426 2290 532 2353 cui
578 2289 761 2354 dicto
809 2287 1243 2369 Strepsiades
1288 2288 1581 2353 libenter
1629 2289 1839 2353 habet
1885 2288 2109 2353 fidem.
2163 2286 2302 2350 Nec
2343 2282 2564 2363 magis
2595 2282 2770 2347 serio

426 2413 607 2493 loqui
654 2412 1085 2494 magistrum,
1134 2412 1549 2491 intellegunt
1594 2416 2037 2493 spectatore5‚
2084 2428 2246 2475 cum
2293 2408 2516 2473 addit:

816 2536 960 2601 ὣστ’
1011 2540 1365 2617 ἀποφύγοις
1412 2538 1490 2601 ἂν
1539 2537 1739 2619 ἥντιν’
1788 2538 1867 2600 ἂν
1917 2536 2115 2621 βούλῃ
2164 2536 2368 2618 δίκην,

424 2666 494 2727 et
537 2682 693 2728 cum
744 2663 1021 2745 1·usticO‚
1070 2663 1375 2727 noudum
1422 2664 1502 2727 de
1550 2664 1774 2727 salute
1822 2680 1946 2727 sua
1993 2662 2166 2727 satis
2211 2677 2449 2725 securo
2482 2658 2767 2739 ideoque

424 2788 723 2867 roganti:
2695 2780 2700 2785 ’

865 2917 953 2976 κεί
998 2917 1303 2996 μάρτυρες
1352 2925 1661 2995 παρῆσαν,
1708 2910 1798 2976 ‘o't’
1847 2911 2292 2994 ἐδανειζόμην;

422 3039 782 3119 respondet
832 3037 1188 3118 magister:

860 3161 1075 3244 πολλῷ
1123 3189 1189 3242 γε
1236 3161 1503 3250 μᾶλλον,
1553 3163 1669 3226 κᾶν
1718 3175 1964 3242 παρῶσι
2015 3159 2217 3245 χίλιοι.

504 3287 581 3350 Id
642 3288 783 3368 egit
843 3291 1066 3369 poeta,
1132 3292 1210 3352 ut
1254 3291 1419 3352 ante
1466 3286 1980 3366 catastropham
2029 3283 2494 3364 Strepsiadem
2540 3285 2759 3345 osten-

418 3412 610 3476 deret
691 3413 1193 3494 spectatoribus
1276 3429 1485 3492 quam
1572 3410 1873 3474 maxime
1957 3409 2222 3474 laetitia
2289 3405 2755 3470 exsultantem

418 3534 959 3617 insolentiusque
1024 3555 1096 3602 se
1144 3537 1519 3600 iactantem
1568 3551 1727 3614 erga
1776 3533 2168 3597 creditores,
2241 3531 2354 3596 Sic
2399 3530 2580 3594 enim
2632 3528 2756 3592 lac-

417 3660 645 3725 titiam
693 3665 763 3725 ot
808 3661 1347 3742 frustrationem,
1397 3677 1571 3739 quae
1621 3676 1782 3722 mox
1829 3657 2161 3739 sequitur,
2211 3673 2417 3736 quam
2457 3655 2758 3719 maximo

416 3785 599 3849 inter
665 3803 738 3850 se
806 3801 1174 3867 opponenS‚
1244 3785 1529 3848 effectus
1596 3782 1891 3848 comicos
1958 3781 2179 3846 reddit
2245 3779 2755 3861 splendidiores,

416 3926 800 3988 caveaeque
861 3926 1205 3974 summam
1266 3911 1501 3972 movet
1562 3907 2024 3971 attentionem
2084 3943 2145 3950 —
2204 3921 2339 3969 non
2402 3905 2468 3968 in
2529 3905 2755 3969 Socra·
2809 3995 2816 4005 .

414 4038 576 4116 tem,
638 4033 723 4098 ad
773 4050 975 4115 quem
1024 4051 1111 4098 ne
1157 4033 1531 4098 attendunt
1578 4032 1858 4113 quidem
1903 4032 2344 4112 spectatoreS,
2392 4031 2508 4094 sed
2557 4030 2754 4094 unice

412 4159 482 4223 in
529 4175 709 4238 eum,
758 4155 874 4237 qui
922 4156 1180 4238 primas
1216 4158 1361 4238 agit
1400 4159 1651 4237 parteS,
1685 4171 1930 4234 nempe
1962 4155 2033 4218 in
2066 4155 2404 4219 rusticum
2435 4154 2751 4220 stultum.

498 4282 777 4348 Orditur
824 4281 1253 4361 Strepsiades
1300 4281 1647 4345 canticum
1692 4283 1820 4342 ἀπὸ
1868 4293 2096 4362 σκηνῆς
2135 4278 2592 4343 laetissimum
2626 4283 2749 4359 (vs,

414 4407 892 4488 1154-1164),
941 4405 1012 4469 in
1061 4421 1193 4484 quo
1241 4405 1494 4469 iterum
1540 4403 1811 4468 fabulae
1861 4403 2389 4482 fundamentum
2431 4403 2750 4483 exprimi·

408 4533 542 4614 tur,
591 4529 1010 4612 Strepsiadis
1060 4532 1221 4592 vota
1268 4533 1338 4593 et
1383 4529 1521 4592 iam
1571 4527 1882 4592 laetitiae
1929 4545 2215 4592 causae:

836 4657 1146 4740 βοάσομαι
1196 4653 1355 4736 τᾶρα
1400 4657 1516 4716 τὰν
1570 4653 1906 4736 ὑπέρτονον

836 4781 1015 4866 βοάν.
1068 4783 1163 4856 ἰώ,
1211 4777 1413 4844 κλάετ’
1464 4775 1914 4865 ὦβολοστάται,
1960 4795 2016 4842 Θ.
2044 4795 2186 4856 (1.8.
