3478 5737
1878 615 2001 677 122

756 835 879 889 φου
925 809 1288 873 dissimilia
1348 846 1408 855 —-
1465 812 1614 873 tam
1660 812 2060 897 arroganter
2108 826 2256 873 sese
2303 809 2375 872 et
2420 808 2827 891 cyclicorum
2880 810 3107 874 choro·

755 952 909 998 rum
949 933 1170 1014 poetis
1216 934 1287 997 et
1333 934 1757 1015 philosophis
1806 933 2105 998 voluisse
2152 950 2513 1015 opponere,
2558 944 2635 997 ut
2672 933 2871 998 laude
2908 933 3105 1014 longe

755 1058 1072 1123 Videatur
1118 1059 1386 1139 dignior
1431 1076 1638 1139 quam
1684 1076 1928 1123 Omnes
1965 1058 2065 1123 illi
2102 1059 2629 1141 μετεωροφένακες
2668 1058 2901 1136 (333)‘?
2946 1057 3106 1122 Suis

752 1183 996 1265 lepidis
1056 1183 1363 1248 inventis
1423 1184 1805 1263 facetisque
1850 1183 2397 1265 oppositionibus
2446 1183 2663 1247 risum
2710 1183 3103 1247 cachinnos-

753 1326 885 1388 que
934 1325 1229 1389 movere,
1278 1308 1372 1374 sit
1418 1308 1528 1373 hic
1576 1308 1716 1373 illic
1762 1310 1888 1373 aut
1934 1325 2057 1373 suo
2095 1308 2315 1389 ipsius
2351 1312 2475 1373 aut
2506 1308 2797 1372 aliorum
2831 1307 3104 1389 damn0‚

751 1434 822 1497 id
894 1433 1053 1498 adeo
1125 1436 1221 1497 esc
1297 1433 1710 1498 comicorum.
1800 1432 2194 1497 Absurdum
2258 1434 2367 1496 est
2428 1432 2702 1495 credere
2765 1430 3101 1495 comicum

747 1560 1062 1623 nostrum
1109 1575 1368 1641 omme,
1420 1557 1536 1637 qui
1587 1574 1722 1623 non
1773 1557 2077 1623 manibus
2124 1558 2239 1621 sed
2292 1558 2541 1621 cerebro
2598 1594 2657 1601 —
2703 1558 2783 1620 ut
2832 1556 2978 1637 ipse
3032 1592 3091 1601 -

746 1685 1035 1747 utantur
1091 1682 1175 1747 ad
1243 1682 1503 1747 victum
1573 1682 1702 1747 sibi
1768 1681 2302 1762 comparandum
2352 1681 2464 1745 vel
2515 1684 2595 1745 ut
2639 1680 2837 1761 genio
2886 1680 3099 1743 indul-

743 1808 969 1887 geant,
1041 1806 1105 1869 h.
1177 1806 1218 1869 l.
1284 1805 1583 1872 voluisse
1646 1808 2056 1871 exacerbare
2118 1805 2389 1885 sibique
2434 1805 2717 1870 reddere
2764 1803 3101 1869 inimicos,

745 1926 1112 1993 Praeterea
1159 1930 1666 1994 concedendum
1715 1929 2072 1995 Socratem
2122 1930 2233 1993 hic
2277 1946 2413 1994 non
2466 1929 2684 2009 magis
2729 1928 3099 2009 perstringi

746 2068 952 2131 quam
1000 2055 1238 2132 poetas
1282 2052 1846 2135 dithyrambicOS‚
1896 2068 2188 2133 scurraS‚
2236 2053 2429 2118 alios,

835 2176 1211 2256 Postquam
1261 2176 1567 2242 Socratis
1613 2176 1697 2241 de
1746 2176 2059 2241 Nubibus
2105 2175 2479 2257 explicatio
2512 2176 2769 2241 rustico
2802 2175 3095 2239 salivam

753 2300 971 2364 movit
1034 2300 1374 2381 (inprimis
1434 2302 1519 2365 ob
1583 2316 1823 2365 vocem
1887 2302 2282 2385 βόσκουσι
2324 2299 2393 2381 1),
2459 2317 2562 2364 vs,
2626 2299 2751 2365 331
2804 2302 2876 2364 et
2921 2298 3094 2379 334),

746 2424 976 2488 subito
1023 2424 1087 2489 ei
1150 2424 1301 2489 luce
1365 2424 1615 2489 clarius
1669 2427 1799 2505 est,
1865 2443 2000 2505 qua
2060 2442 2133 2489 re
2190 2428 2436 2507 poetae
2482 2433 2682 2506 oyem
2746 2421 3093 2505 νεφελᾶν

746 2548 1201 2631 στρεπταιγλᾶν
1251 2551 1429 2615 δάιον
1479 2553 1678 2633 ὁρμάν
1727 2551 2151 2615 carminibus
2198 2554 2343 2615 tam
2385 2550 2683 2615 libenter
2724 2550 3087 2615 celebrent.

747 2674 859 2739 Sic
905 2676 1090 2740 enim
1139 2676 1267 2741 sibi
1319 2676 1582 2741 victum
1629 2680 2052 2759 comparant,
2104 2676 2267 2756 quin
2316 2676 2566 2741 etiam:

834 2815 1090 2884 κεστρᾶν
1140 2804 1373 2888 τεμάχη
1417 2801 1695 2884 μεγαλᾶν
1746 2806 2003 2882 ἀγαθᾶν
2054 2803 2200 2886 κρέα
2249 2802 2303 2865 τ’
2353 2804 2638 2884 ὀρνίθεια
2686 2798 2971 2885 κιχηλᾶν.

833 2926 1184 2994 Alluditur
1229 2927 1312 2992 ad
1362 2928 1587 2993 lautas
1633 2929 1889 3009 epulaS,
1940 2945 2115 3008 quae
2160 2946 2203 2992 a
2240 2929 2527 3007 chorego
2560 2927 2705 2991 dari
2740 2925 3091 3002 solebant;

742 3051 823 3113 cf.
872 3051 1110 3116 schoh:
1161 3057 1229 3116 τὸ
1278 3054 1340 3116 δὲ
1389 3051 1534 3116 ὅλον
1584 3055 1761 3118 τείνει
1812 3059 1965 3136 πρὸς
2012 3060 2156 3126 τοὺς
2190 3057 2363 3136 παρὰ
2396 3067 2524 3125 τοῖς
2558 3066 2847 3137 χορηγοῖς
2877 3053 3093 3115 ἑστιω-

741 3176 986 3254 μένους.
1060 3176 1160 3240 Cf.
1225 3177 1405 3242 Plut.
1455 3177 1688 3242 Mor-al.
1739 3177 1869 3242 349
1919 3180 2001 3260 A,
2050 3177 2127 3242 B.
2202 3177 2451 3259 Lepido
2500 3177 2713 3258 igitur
2760 3177 2906 3257 ipse
2954 3177 3089 3240 iam

741 3300 1046 3365 rusticus
1109 3301 1336 3365 utitur.
1391 3304 1797 3382 argumento
1844 3303 1927 3366 ad
1977 3303 2406 3383 probandum
2456 3301 2759 3366 Nubium
2808 3300 3093 3364 numina

739 3441 1064 3504 magnam
1134 3426 1381 3490 habere
1451 3428 1909 3507 potestatem:
1981 3427 2095 3507 qui
2171 3427 2357 3490 enim
2427 3419 2544 3490 e‘as
2612 3424 2869 3488 divinis
2928 3423 3091 3488 colit

739 3547 1132 3628 honoribUS‚
1199 3567 1335 3613 non
1396 3549 1619 3614 solum
1681 3551 1831 3614 cibo
1894 3567 2029 3614 non
2093 3555 2301 3630 caret,
2351 3549 2467 3614 sed
2518 3549 2731 3614 etiam
2779 3549 2843 3612 ei
2890 3547 3087 3628 gulae

737 3671 904 3736 adeo
967 3673 1364 3738 fastidiosae
1425 3674 1775 3753 indulgere
1831 3674 2010 3738 licet.
2078 3675 2203 3738 Est
2250 3675 2313 3738 id
2364 3673 2613 3755 ipsum,
2662 3673 2837 3752 quod
2890 3671 3085 3736 rusti-

741 3794 987 3859 cellum
1039 3801 1291 3877 captat.

829 3919 928 3983 Ut
995 3920 1251 4000 optime
1313 3920 1669 4000 intellegat
1728 3937 1958 4002 cavea,
2022 3921 2183 4002 quid
2246 3921 2375 3984 sibi
2440 3920 2613 3985 velit
2674 3919 3088 4000 Strepsiadis

735 4043 1153 4124 exemplum,
1217 4061 1309 4108 sc.
1375 4061 1449 4108 se
1510 4062 1694 4108 nunc
1756 4049 2189 4126 perspectum
2252 4045 2505 4109 habere
2568 4063 2704 4124 qua
2751 4062 2823 4108 re
2856 4047 3089 4126 poetae

737 4165 968 4230 colant
1051 4165 1300 4248 NubeS‚
1385 4205 1444 4212 —
1527 4169 1883 4232 Socratem
1969 4173 2166 4249 poeta
2250 4169 2418 4233 facit
2500 4171 2899 4248 rogantem:
2983 4171 3085 4230 διὰ

1045 4311 1168 4318 —--——-

817 4405 864 4475 1)
927 4401 992 4460 Si
1055 4421 1296 4461 versum
1355 4403 1492 4476 334,
1551 4403 1614 4460 in
1669 4423 1787 4478 quo
1844 4405 2099 4463 iteratur
2156 4425 2275 4463 vox
2328 4407 2635 4472 βόσκουσι,
2680 4425 2820 4464 cum
2862 4405 3087 4464 Bomo

735 4500 1192 4564 Lanuwamooua
1267 4501 1538 4576 spurium
1614 4498 1819 4575 habeS,
1894 4520 2121 4578 vereor,
2186 4521 2263 4560 ne
2324 4503 2685 4561 auditoribus
2742 4505 2887 4574 (non
2948 4501 3086 4561 dico

733 4595 1065 4674 leyente‘lms)
1111 4596 1288 4654 nimis
1331 4597 1647 4655 intellectu
1688 4595 2001 4656 difficilem
2044 4597 2263 4656 reddas
2306 4599 2607 4674 facetiam,
2652 4619 2833 4674 quam
2875 4618 2909 4657 e
2938 4618 3085 4658 voce

737 4694 1020 4758 βόσκουσι
1065 4694 1356 4752 rusticum
1397 4699 1704 4771 petentem
1747 4693 1894 4752 fecit
1936 4703 2130 4772 poeta.
2195 4697 2341 4773 Ipsa
2381 4697 2541 4754 enim
2583 4697 2687 4754 illa
2722 4716 2834 4754 vox
2870 4697 3083 4754 rustici

736 4793 800 4848 in
843 4797 1102 4850 mentem
1145 4797 1338 4868 vocat,
1383 4811 1534 4868 quae
1577 4793 1786 4850 stat-im
1827 4795 2065 4870 promit.
