3478 5737
1796 591 1883 653 94

673 787 742 851 in
815 802 1086 865 quoque
1153 784 1520 849 ridiculum
1591 782 2047 863 inveniretur,
2110 782 2174 846 id
2239 782 2680 847 oblectationis
2742 784 3027 847 tantum

673 926 930 991 caussa,
977 910 1113 973 eine
1157 908 1304 973 ulla
1349 908 1723 972 acerbitatis
1766 907 2129 988 szaepicione
2175 907 2245 969 in
2294 922 2500 971 scena
2546 906 2886 971 notaret.”

765 1160 802 1232 g
849 1158 910 1219 4.
1001 1154 1374 1235 Postquam
1423 1152 1936 1234 aliquantillum
1986 1152 2381 1235 haesitavit,
2429 1152 2745 1219 instituit
2790 1155 3028 1217 noster

681 1278 930 1345 κόπτειν
979 1286 1092 1363 τὴν
1141 1282 1368 1363 θύραν.
1419 1278 1644 1344 Nimis
1689 1280 1927 1342 autem
1972 1276 2404 1343 illiberaliter
2450 1276 2708 1341 ostium
2758 1276 3031 1359 pulsan·

679 1409 842 1486 tem,
893 1404 1164 1485 ianitor,
1215 1420 1395 1469 unus
1439 1420 1478 1467 e
1524 1400 1899 1484 discipulis,
1943 1400 2427 1467 vehementius
2472 1400 2803 1481 increpat.
2850 1400 3031 1465 Fieri

677 1546 812 1593 non
847 1531 1098 1611 potest,
1133 1528 1298 1609 quin
1331 1532 1587 1611 ἀμαθὴς
1621 1528 1734 1610 sit,
1768 1525 1934 1601 ὅστις
1960 1531 2185 1591 οὑτωσὶ
2213 1525 2452 1609 σφόδρα
2480 1522 2504 1613 Ι
2530 1528 3032 1609 ἀπεριμερίμνως

677 1660 789 1738 τὴν
853 1657 1055 1737 θύραν
1123 1652 1456 1719 λελάκτικε.
1528 1651 1642 1718 Sic
1703 1652 1949 1717 statim
2012 1651 2427 1716 inurbanum
2480 1668 2630 1715 esse
2677 1651 3035 1731 cognoscit

679 1778 1056 1861 discipulus
1100 1796 1280 1861 eum,
1331 1779 1444 1859 qui
1500 1776 1817 1851 Φείδωνος
1866 1780 2003 1841 υἱὸν
2051 1776 2460 1861 Στρεψιάδην
2509 1777 2911 1840 Κικυννόθεν
2960 1792 3035 1841 Se

682 1920 832 1969 esse
900 1902 1088 1968 dicit.
1175 1902 1306 1967 Hic
1369 1902 1650 1968 tandem
1713 1904 2141 1982 spectatores
2202 1900 2445 1967 rustici
2506 1900 2809 1967 nominis
2858 1900 3042 1964 fiunt

682 2027 1028 2093 certiores.
1097 2026 1379 2091 Rustico
1425 2027 1758 2092 nimirum
1806 2026 2224 2107 superiorem
2275 2042 2349 2091 se
2395 2024 2617 2091 sentit
2664 2024 3043 2106 discipulus

685 2150 1042 2232 dignitate,
1111 2150 1522 2232 urbanitate,
1587 2149 1899 2230 scientia,
1964 2162 2099 2229 qua
2160 2166 2231 2213 re
2291 2186 2351 2194 —
2412 2154 2491 2213 ut
2538 2148 2682 2214 fleri
2730 2148 2925 2231 solet,
2976 2148 3035 2211 si

686 2277 992 2340 urbanus
1059 2274 1304 2339 incidit
1365 2274 1432 2339 in
1500 2278 1778 2340 vastum
1842 2274 2191 2339 hominem
2264 2310 2325 2319 —
2384 2275 2729 2354 agrestem
2793 2272 3037 2337 rudem

685 2399 1166 2479 curiosumque
1213 2398 1504 2464 ludibrio
1553 2400 1802 2463 habere
1835 2397 2166 2463 instituit.
2217 2397 2413 2461 Calce
2444 2397 2705 2462 ostium
2736 2396 3041 2461 feriendo

689 2522 1117 2605 Strepsiades
1148 2521 1456 2588 excussit
1486 2521 1818 2604 discipulo
1848 2522 2340 2601 cogitationem
2372 2520 2697 2602 aliquam.
2742 2520 3041 2587 Veniam

687 2647 866 2727 petit
928 2645 1229 2711 rusticus
1289 2648 1618 2726 rogatque
1686 2650 1757 2709 τὸ
1826 2659 2091 2729 πρᾶγμα
2162 2644 2747 2731 τούξημβλωμένον.
2786 2644 2835 2725 1)
2906 2644 3045 2709 Sed

691 2770 804 2834 ille
873 2770 1093 2834 iocose
1154 2786 1408 2834 arcana
1469 2786 1620 2835 esse
1681 2769 1851 2835 talia
1912 2771 2267 2835 contendit
2326 2786 2541 2851 eoque
2601 2767 3041 2834 rusticellum

690 2894 916 2960 reddit
952 2893 1517 2960 curiosissimum.
1569 2893 1757 2975 Quae
1794 2894 2038 2960 deinde
2078 2898 2314 2960 narrat
2352 2894 2729 2976 discipulus
2766 2893 3047 2976 loquax,

691 3035 881 3084 mera
941 3019 1250 3084 habenda
1297 3021 1464 3082 sunt
1510 3017 1730 3100 ipsius
1776 3019 2084 3099 inventa,
2135 3019 2386 3099 quibus
2431 3017 2767 3083 rusticum
2818 3021 3047 3097 stupe·

691 3143 952 3208 factum
1036 3142 1556 3222 attonitumque
1641 3142 1919 3207 reddero
2005 3143 2264 3207 studet.
2354 3141 2513 3224 Ipsa
2596 3141 3043 3206 inventorum

690 3265 1104 3346 absurditaS,
1176 3281 1349 3344 quae
1411 3265 1923 3330 mendaciorum
1988 3266 2209 3330 instar
2268 3265 2615 3330 habentur
2678 3282 2719 3329 a
2780 3267 3049 3346 specta-

695 3389 978 3468 toribus,
1059 3405 1262 3468 quam
1335 3387 1637 3452 maxime
1707 3389 2113 3454 facetiarum
2180 3391 2501 3453 attenuat
2569 3387 3048 3469 acerbitatem,

697 3529 900 3592 quam
965 3512 1188 3576 inesse
1251 3511 1320 3576 in
1383 3511 1923 3577 narratiunculis
1983 3512 2182 3577 facile
2242 3512 2566 3577 creditur.
2638 3511 2785 3594 Qua
2842 3528 2936 3592 re,
2988 3512 3050 3576 si

699 3637 993 3716 legimus
1062 3637 1130 3700 in
1203 3635 1688 3717 Xenophontis
1758 3637 2090 3702 Convivio
2160 3637 2304 3720 (VI,
2376 3641 2413 3714 ἓ
2482 3638 2550 3713 8)
2618 3655 2659 3702 a
2729 3635 3047 3718 Philippo

698 3760 909 3824 alludi
971 3761 1053 3824 ad
1121 3761 1366 3825 horum
1429 3761 1728 3826 iocorum
1794 3761 2093 3842 primum
2140 3761 2305 3840 (ἀλλ’
2354 3762 2487 3826 εἶπέ
2530 3789 2635 3844 μοι
2697 3798 2759 3806 -
2820 3761 3051 3826 Socra·

699 3889 838 3949 tem
904 3884 1281 3963 alloquitur
1341 3923 1402 3930 —
1462 3889 1691 3960 πόσους
1762 3887 2003 3971 ψύλλης
2064 3885 2265 3962 πόδας
2325 3890 2475 3969 ἐμοῦ
2537 3890 2783 3973 ἀπέχει·
2850 3900 3055 3950 ταῦτα

714 4061 747 4068 -,
774 4062 855 4067 -.--
874 4061 1138 4068 -φ--ῇ

787 4176 832 4245 l)
887 4173 1158 4232 Annotat
1215 4174 1490 4235 Kockius
1545 4177 1624 4235 ad
1665 4197 1754 4236 vs.
1817 4179 1959 4238 139:
2009 4179 2131 4252 „Es
2174 4180 2255 4238 ist
2296 4179 2467 4237 nicht
2508 4200 2581 4238 zu
2624 4179 2891 4254 ersehen,
2932 4180 3056 4238 wie

701 4291 766 4328 so
830 4271 928 4330 die
989 4271 1275 4348 folgende
1335 4274 1633 4348 glanzend
1695 4295 1770 4333 zu
1832 4275 2008 4336 Ende
2064 4275 2345 4353 gefiihrte
2402 4275 2875 4352 Untersuchung
2916 4278 3057 4335 eine

703 4369 1044 4440 Fehlyebm·t
1085 4375 1357 4446 genennt
1399 4371 1641 4430 werden
1685 4373 1902 4432 kenne.
1967 4373 2156 4432 Sollte
2198 4375 2261 4431 in
2302 4374 2408 4432 den
2451 4381 2635 4432 ονείρη
2698 4377 2767 4434 W
2766 4375 2921 4433 cll-‘en
2942 4394 3061 4432 vor

702 4465 812 4525 der
865 4465 1156 4542 Messung
1215 4467 1323 4526 des
1374 4467 1827 4546 Flohsprunges
1870 4472 2005 4528 eine
2048 4472 2269 4530 andere
2314 4472 2675 4531 Geschichte
2716 4471 3059 4548 gestanden

703 4561 896 4620 haben
913 4562 976 4621 ⁶?''
1023 4564 1324 4638 Equidem
1365 4571 1512 4642 puto
1556 4569 1882 4642 agricolam
1924 4589 2039 4626 non
2087 4569 2319 4628 Socrati
2364 4571 2703 4628 excussisse
2738 4571 3061 4646 cogitatio-

705 4679 858 4734 nem,
930 4661 1036 4718 sed
1105 4663 1419 4739 discipulo,
1489 4665 1811 4724 meditanti
1870 4667 2133 4725 Socratis
2198 4667 2509 4743 ingeniosa
2575 4667 2835 4726 inventa.
2900 4687 3060 4741 quae

709 4777 844 4814 mox
887 4759 1254 4817 recordatur.
