3478 5737
1845 622 1970 686 178

734 816 1075 901 „nondum
1162 818 1332 881 tunc
1412 816 1852 898 Phidippides
1920 817 2164 883 doctus
2231 821 2382 883 erat
2453 822 2558 881 τὸν
2631 816 3074 905 ἀκατάβλητον

728 940 981 1021 λόγον.”
1066 940 1169 1005 Ex
1241 942 1365 1005 hoc
1434 958 1760 1023 responso
1830 942 2130 1007 efficitur
2199 958 2437 1007 vocem
2499 944 2972 1009 ἀποδώσειν
3038 962 3080 1009 a

728 1067 930 1131 Pasia
990 1066 1244 1131 maiore
1307 1082 1463 1129 cum
1526 1066 1597 1129 vi
1655 1082 1806 1130 esse
1854 1066 2463 1148 pronuntiandum.
2547 1068 2805 1134 Idcirco
2854 1073 3076 1152 poeta,

730 1194 809 1256 ut
870 1190 1041 1256 mihi
1097 1189 1391 1271 videtur,
1439 1189 1567 1254 hoc
1614 1206 1772 1254 eum
1821 1190 1988 1255 fecit
2034 1191 2460 1274 respondere,
2509 1194 2590 1255 ut
2638 1195 2848 1259 verba
2894 1194 3078 1259 festi·

730 1316 1017 1381 vissima
1061 1314 1307 1378 addere
1352 1317 1587 1394 posset
1633 1313 2050 1379 rusticulus:

1039 1441 1099 1502 τί
1142 1442 1262 1521 γὰρ
1310 1436 1451 1501 ἄλλ’
1499 1440 1577 1503 ἄν
1626 1436 2059 1519 ἀπολαύσαιμι
2108 1452 2218 1503 τοῦ
2265 1444 2680 1521 μαθήματοςς

818 1564 1093 1630 Novum
1184 1562 1661 1629 iusiurandum
1754 1580 1914 1628 cum
2005 1581 2078 1629 se
2155 1564 2629 1645 flagitat-,urum
2706 1564 3075 1631 minitatur

729 1689 984 1770 Pasias,
1045 1688 1285 1752 irridet
1345 1704 1503 1751 eum
1566 1688 1867 1753 rusticus
1928 1692 2276 1770 rogatque,
2339 1706 2460 1770 per
2518 1706 2852 1770 quosnam
2913 1691 3077 1755 deos

728 1812 859 1880 sibi
906 1813 1001 1877 sit
1044 1812 1430 1893 iurandum,
1472 1814 1711 1893 utpote
1752 1813 1868 1892 qui
1906 1813 2164 1895 Iovem,
2207 1813 2640 1893 Mercurium,
2674 1814 3074 1896 Neptunum

728 1938 889 2003 deos
942 1953 1091 2002 esse
1158 1952 1292 2001 non
1340 1936 1570 2001 credat
1616 1936 1725 2013 (cf.
1775 1953 1948 2015 quae
1994 1938 2076 2002 de
2125 1937 2258 2002 diis
2305 1938 2612 2003 diximus
2659 1938 2731 2003 P.
2783 1938 2835 2022 Ι,
2888 1957 2944 2004 6.
2993 1940 3077 2021 ΙΙ,

731 2068 767 2140 g
832 2065 892 2144 5,
954 2080 1018 2143 p.
1082 2062 1211 2141 52).
1304 2060 1497 2125 Iurat
1557 2060 1802 2126 deinde
1863 2060 2010 2141 ipse
2060 2062 2296 2127 Pasias
2343 2080 2461 2144 per
2507 2064 2738 2128 Iovem
2787 2067 2860 2128 et
2903 2063 3076 2129 alios

729 2188 912 2268 (1665,
984 2185 1321 2251 rusticum
1391 2201 1525 2248 non
1599 2185 1882 2266 impune
1917 2186 2325 2281 abiturum.
2410 2186 2638 2252 Iratus
2707 2190 2835 2269 est,
2900 2189 3076 2269 quod

729 2330 770 2377 a
834 2308 1227 2390 Strepsiade
1287 2306 1580 2374 ludibrio
1641 2312 1752 2373 est
1818 2310 2132 2390 habitus;
2199 2310 2308 2375 hic
2370 2312 2556 2376 enirn
2619 2310 2858 2377 Pasiae
2919 2329 3076 2378 ven·

732 2441 909 2500 trem
970 2452 1125 2499 cum
1190 2439 1361 2518 ἀσκῷ
1425 2450 1824 2516 comparare
1885 2438 1993 2499 est
2053 2451 2285 2499 ausus.
2359 2434 2488 2501 Pro
2537 2453 2663 2501 sua
2708 2436 3080 2503 insolentia

731 2561 899 2626 dicit
944 2560 1375 2641 Strepsiades
1420 2564 1547 2636 (vs.
1600 2558 1831 2634 124o):

1400 2685 1771 2764 θαυμασίως
1817 2682 2019 2767 ἣσθην
2074 2683 2346 2769 „monh”

1088 2812 1192 2872 καὶ
1238 2812 1393 2884 Ζεὺς
1438 2808 1675 2888 γελοῖος
1724 2812 2068 2892 ὀμνύμενος
2115 2822 2284 2883 τοῖς
2332 2808 2664 2874 εἶδόσιν.

820 2936 985 2999 Tam
1044 2935 1269 3000 audax
1330 2935 1615 3000 deorum
1672 2939 2124 3016 contemptor,
2177 2935 2392 2999 nimia
2438 2933 2543 2999 sui
2591 2935 3077 3000 aestimatione

728 3059 971 3142 elatuS,
1055 3060 1437 3125 necessario
1520 3059 1808 3123 meritas
1888 3058 2080 3123 dabit
2164 3075 2436 3140 poenas.
2545 3058 2619 3123 Id
2690 3059 3069 3139 praesentit

729 3201 960 3267 cavea,
1039 3183 1579 3262 creditoremque
1640 3183 1922 3263 insuper
1980 3182 2176 3248 audit
2237 3182 2578 3247 dicentem
2641 3187 2770 3260 (VS.
2841 3183 3072 3259 1242):

1088 3305 1127 3391 ἧ
1172 3313 1297 3392 μὴν
1345 3314 1419 3371 σὺ
1466 3310 1777 3372 τούτων
1825 3303 1914 3392 τῷ
1963 3307 2165 3392 χρόνῳ
2213 3307 2427 3381 δώσεις
2473 3308 2674 3391 δίκην.

732 3433 955 3498 Instat
1019 3433 1258 3498 Pasias
1317 3437 1399 3497 ut
1460 3433 1890 3514 Strepsiades
1951 3437 2187 3497 utrum
2249 3433 2421 3496 velit
2481 3433 2821 3513 decernat,
2882 3447 3075 3512 pecu·

733 3559 919 3622 niam
991 3557 1271 3623 reddere
1334 3574 1565 3623 necne.
1654 3557 1904 3639 Lepide
1965 3556 2364 3638 respondet:
2437 3556 2832 3640 „paululum
2891 3559 3073 3620 tran·

731 3682 940 3761 quille
986 3682 1325 3761 attendaS,
1375 3683 1615 3747 statim
1663 3682 1790 3747 tibi
1837 3681 2124 3746 dicam.”

820 3806 997 3872 Dum
1066 3807 1231 3889 abit,
1304 3815 1383 3871 ut
1448 3807 1691 3872 afferat
1759 3809 2118 3885 mactram,
2190 3805 2462 3870 Pasiam
2526 3805 2856 3870 nimirum
2917 3821 3077 3884 spes

730 3935 924 3996 tenet
968 3931 1111 3997 fore
1158 3935 1239 3996 ut
1282 3929 1645 4012 pecuniam
1693 3932 1889 4012 petat
1933 3929 2218 3994 debitor.
2265 3928 2561 3994 Rediens
2608 3931 2804 4010 rogat
2849 3927 3076 4010 Strep-

730 4055 975 4137 siadeS,
1021 4057 1181 4135 quid
1232 4055 1344 4135 sit,
1394 4053 1570 4134 quod
1618 4053 1955 4118 attulerit.
2003 4053 2374 4136 Κάρδοπον
2432 4053 2768 4118 dicentem
2804 4051 3072 4116 Pasiam

730 4184 1135 4261 contemptu
1182 4179 1466 4259 dignum
1514 4178 1720 4242 habet
1769 4179 2092 4259 rusticus,
2143 4177 2473 4256 valdeque
2522 4177 2814 4241 miratur
2860 4175 3072 4239 talem

732 4305 958 4367 virum
1021 4303 1427 4367 illiteratum
1486 4305 1629 4365 tarn
1678 4319 1828 4365 esse
1875 4303 2222 4384 audacem,
2272 4304 2352 4365 ut
2398 4303 2666 4382 repetat
2712 4299 3074 4382 pecuniam

732 4445 950 4510 suam,
1013 4445 1223 4508 quare
1284 4425 1791 4510 ἀπολιταρχίζειν
1857 4444 2012 4491 611111
2065 4427 2278 4490 iubet.
2350 4425 2479 4490 Per
2525 4442 2598 4489 se
2645 4423 3075 4503 intellegitur

732 4552 841 4616 hic
910 4569 1044 4617 non
1115 4552 1321 4618 rideri
1384 4552 1685 4616 Socratis
1748 4553 1829 4616 de
1891 4569 2058 4616 voce
2122 4550 2432 4632 κάρδοπος
2494 4548 2898 4628 doctrinam,
2956 4547 3074 4612 sed

731 4677 1106 4741 stultitiam
1194 4676 1630 4759 StrepsiadiS,
1717 4677 2114 4741 adhibentis
2196 4675 2560 4740 scientiam
2644 4676 2716 4738 et
2797 4689 2917 4754 per
3001 4687 3076 4736 se

731 4801 1034 4881 ineptam
1084 4817 1305 4881 neque
1354 4801 1512 4864 huic
1560 4801 1853 4883 tempori
1899 4800 2504 4865 accommodatam.
