3478 5737
1872 585 1913 640 4

709 773 945 851 aperte
1012 770 1424 850 ostenditur,
1492 770 1574 834 ad
1637 787 1843 850 quam
1890 771 2222 835 absurdos
2270 788 2501 835 rerum
2550 773 2783 834 status
2838 788 3067 836 neces·

715 895 891 959 sario
961 895 1338 976 perducant
1406 895 1738 960 effrenata
1808 895 1929 960 illa
1988 894 2418 976 singulorum
2486 897 2749 961 civium
2812 897 3064 979 studia,

714 1020 1027 1102 propriae
1077 1022 1354 1086 tantum
1402 1019 1749 1085 libertatis
1795 1020 2267 1100 commodique
2316 1037 2523 1085 causa
2568 1025 2909 1101 suscepta.

806 1144 978 1224 Quia
1023 1146 1266 1224 poetae
1313 1144 1512 1223 eique
1555 1142 1811 1208 comico
1838 1144 2009 1208 nihil
2036 1143 2407 1224 optabilius
2431 1145 2515 1208 ad
2544 1145 2735 1208 vitae
2757 1145 3064 1210 dolorum

718 1269 1076 1350 paululum
1141 1268 1472 1348 temporis
1528 1267 2097 1348 obliviscendum,
2154 1285 2377 1348 neque
2426 1269 2799 1350 quidquam
2848 1269 3069 1349 magis

718 1393 1090 1457 innocuum
1140 1393 1359 1456 videri
1406 1393 1698 1456 dixerim
1750 1411 1957 1472 quarn
2008 1392 2303 1472 cogitare
2351 1393 2431 1456 de
2480 1393 2685 1457 terris
2716 1393 3065 1473 fabulosiS,

719 1517 1013 1582 nimium
1081 1517 1384 1581 tribuere
1431 1517 1503 1580 et
1551 1516 1779 1598 populi
1831 1515 2362 1596 cogitationibus
2407 1515 2489 1580 de
2536 1519 2721 1580 terra
2770 1515 3067 1595 quadam

721 1641 1032 1707 fabulosa
1101 1641 1172 1704 et
1234 1643 1472 1721 poetae
1536 1641 1755 1721 ipsius
1815 1641 1887 1704 in
1936 1639 2075 1704 illis
2120 1639 2609 1719 impugnandis
2654 1639 3067 1720 pertinaciae

728 1765 894 1830 mihi
965 1764 1239 1829 videtur
1306 1782 1373 1827 v.
1437 1763 1518 1828 cl.
1587 1763 2077 1845 POHLMANNUS,
2135 1763 2249 1843 qui
2299 1764 2656 1828 contendit
2704 1769 2877 1844 (pag.
2927 1765 3069 1842 31):

725 1889 1352 1954 Ecclesiazusarum
1399 1889 1705 1954 fabulam
1756 1907 1905 1953 esse
1958 1889 2108 1974 „ein
2160 1889 2484 1969 Zerrbild,
2525 1888 2648 1954 das
2678 1889 2752 1952 in
2786 1873 3072 1952 Ᾰ116661-

727 2015 1098 2079 lichkeiten
1147 2014 1423 2094 grotesk
1473 2015 1854 2078 ilbertieibt
1900 2031 2019 2077 um
2066 2013 2195 2077 den
2244 2012 2703 2094 plebejischen
2751 2013 3071 2077 Kommu-

729 2141 996 2204 nismus
1063 2140 1210 2204 dem
1275 2139 1488 2204 Fluch
1557 2139 1672 2202 der
1737 2138 2259 2202 chcleereichkeit
2312 2138 2499 2218 preis
2564 2157 2651 2202 za
2712 2137 2975 2218 yeben.’'
3024 2135 3075 2212 l)

729 2265 1143 2346 ErrabimuS,
1203 2281 1358 2328 cum
1423 2279 1692 2344 sempor
1749 2265 1820 2325 et
1882 2261 2133 2341 ubique
2196 2279 2315 2342 pro
2378 2262 2557 2326 seria
2610 2262 3075 2343 disputatione

727 2389 1144 2470 accipiemus
1182 2405 1355 2468 quae
1401 2391 1600 2468 poeta
1631 2387 1887 2450 lascivo
1918 2386 2190 2464 ingenio
2224 2386 2585 2466 indulgens
2616 2385 2766 2452 ideo
2800 2390 3075 2451 tantum

731 2513 1014 2576 finxisse
1083 2511 1360 2576 videtur
1430 2515 1510 2575 ut
1561 2511 1779 2574 risum
1836 2514 2163 2575 moveret.
2244 2512 2563 2576 Ostendit
2612 2529 2777 2576 sane
2833 2512 3075 2592 saepis—

731 2638 903 2700 sime
967 2639 1169 2718 poeta
1229 2639 1464 2699 noster
1525 2653 1596 2698 re
1645 2651 1809 2698 vera
1854 2651 2004 2699 esse
2054 2651 2188 2699 non
2238 2651 2456 2717 posse,
2506 2653 2681 2716 quae
2726 2635 3077 2717 plebecula

732 2761 1023 2825 libenter
1054 2760 1385 2838 somniat3
1418 2738 1660 2823 annon⁵
1683 2759 1953 2823 somnia
1998 2759 2117 2824 illa
2162 2761 2433 2824 ridendo
2481 2760 2781 2824 voluerit
2826 2762 3077 2842 impuy-

732 2904 912 2966 nare,
947 2884 1429 2949 dubitaverim.
1481 2885 1735 2948 Poetae
1774 2885 1959 2948 enim
1986 2884 2203 2963 ipsius
2227 2889 2334 2949 est
2358 2885 2625 2949 somnia
2650 2885 2778 2949 sibi
2806 2888 3077 2967 fingere,

733 3028 908 3092 quae
979 3012 1140 3090 quia
1208 3026 1442 3091 reapse
1510 3012 1787 3073 exstare
1857 3026 1991 3073 non
2062 3013 2372 3090 possunt,
2444 3012 2867 3091 spectatores
2934 3010 3081 3074 61116

735 3136 938 3200 dubio
988 3135 1204 3214 magis
1249 3134 1565 3199 afficiunt
1609 3135 1852 3213 gaudio
1901 3149 2107 3212 quam
2154 3133 2402 3197 damno
2451 3134 2831 3198 civitatem.
2900 3133 3080 3197 Cave

737 3260 950 3339 igitur
1025 3259 1264 3322 credas
1345 3258 1791 3337 Aristophani
1862 3274 2135 3321 necesse
2205 3274 2355 3321 esse
2424 3258 2652 3321 visum
2726 3260 2805 3322 ut
2866 3258 3079 3339 plebe·

737 3384 929 3447 culae
991 3382 1278 3447 somniis
1338 3382 1664 3447 acerrime
1726 3383 2186 3447 resisteretur.
2278 3382 2351 3446 Id
2418 3383 2801 3463 philosophi
2858 3382 3079 3447 severi

739 3508 850 3571 vel
897 3507 1157 3571 austeri
1205 3506 1462 3587 polit-ici
1511 3523 1662 3570 esse
1709 3506 2129 3571 crediderim.

818 3682 866 3760 1)
943 3682 1141 3743 Valde
1218 3682 1504 3739 miramur
1558 3701 1614 3739 v.
1675 3682 1748 3739 61.
1806 3682 2223 3758 PonLMAuNUM,
2280 3682 2578 3740 Dietzelio
2638 3682 3081 3757 assentientem,

741 3780 1033 3839 bonorum
1077 3800 1144 3838 ac
1187 3780 1504 3838 mulierum
1546 3779 2019 3837 communionem
2055 3780 2117 3837 in
2148 3778 2355 3838 fabula
2384 3780 2939 3839 Ecclesiazusarum
2960 3798 3085 3838 rem

745 3878 965 3936 summi
1041 3878 1328 3935 momenti
1401 3876 1799 3954 considerare,
1872 3878 2187 3936 mulierum
2250 3882 2451 3937 autem
2512 3879 2711 3956 ipsum
2771 3878 3085 3956 imperium

749 3974 993 4033 umbrae
1033 3974 1324 4033 innocuae
1357 3976 1550 4032 instar
1585 3973 1835 4034 ducere:
1878 3976 2034 4049 „Ein
2054 3974 2385 4034 harmloser
2407 3975 2577 4053 Spuk
2600 3977 2681 4034 ist
2702 3974 3001 4034 natfirlich
3024 3974 3085 4053 (l)

746 4074 846 4131 die
887 4070 1494 4131 NVeiberherrschaft.
1539 4072 1639 4130 Sie
1682 4071 1857 4129 dient
1896 4092 2012 4130 nur
2044 4093 2149 4131 zur
2184 4074 2552 4149 Steigerung
2584 4072 2695 4132 der
2714 4072 2941 4131 Komik
2966 4072 3087 4130 und

747 4168 1022 4245 zug'leich
1076 4170 1164 4227 als
1219 4168 1517 4228 walirhast
1567 4170 1770 4245 genial
1824 4168 2137 4228 erdachtes
2190 4170 2410 4247 Mittel,
2456 4191 2555 4228 um
2596 4171 2714 4229 den
2756 4158 3089 4247 Ubergang

747 4288 863 4326 von
914 4266 1024 4325 der
1065 4267 1227 4324 alten
1272 4266 1679 4325 Gesellschaft
1721 4286 1857 4324 zum
1897 4266 2365 4326 Zukunftsstaat
2404 4270 2597 4344 vollig
2637 4267 2924 4344 unblutig
2964 4265 3088 4325 und

747 4366 810 4422 in
870 4364 1193 4422 heiterster
1235 4364 1446 4423 VVeise
1487 4364 1615 4423 sich
1658 4364 1995 4425 vollziehen
2035 4385 2107 4423 zu
2150 4366 2406 4423 lassen.''
2454 4365 2675 4423 Studet
2715 4384 2771 4423 v.
2810 4365 2882 4424 61.
2907 4364 3089 4423 Grae-

748 4480 852 4519 cae
915 4460 1109 4538 plebis
1170 4461 1248 4519 ad
1309 4462 1586 4520 meliores
1649 4463 1813 4521 vitae
1874 4462 2257 4521 condiciones
2320 4462 2775 4521 inclinationum
2828 4462 3093 4539 vestigia

749 4558 1070 4635 indagare3
1133 4560 1354 4618 licet-ne
1396 4559 1550 4619 hauc
1591 4558 1668 4619 ob
1702 4580 1943 4619 causam
1974 4580 2125 4635 quae
2160 4560 2557 4637 disputationi
2595 4561 2768 4619 utilia
2808 4560 3093 4618 videntur

749 4657 922 4731 seria,
976 4657 1094 4715 alia
1156 4662 1356 4714 autem
1415 4658 1625 4731 iocosa,
1684 4658 1722 4715 i.
1780 4678 1830 4716 e.
1888 4659 1947 4715 in
2004 4657 2358 4717 facetiarum
2420 4664 2655 4717 tantum
2706 4659 3093 4716 innocuarum

751 4773 996 4811 numero
1037 4753 1300 4812 habere?
