3478 5737
1816 573 1903 638 50

691 769 1094 835 caecitatem
1157 769 1446 833 nimiam
1507 767 1838 832 collocare
1886 767 2204 832 fiduciam
2254 767 2520 832 solebat
2566 768 2637 832 in
2685 772 3037 833 oratorum

692 895 1077 974 ducumque
1146 893 1603 973 integritate?
1703 891 1893 956 Haec
1962 892 2191 974 populi
2262 891 2528 956 indoles
2595 909 2760 956 sane
2830 909 3037 972 quam

693 1019 994 1084 maxime
1058 1017 1538 1099 Sophistarum
1601 1016 2000 1097 disciplinae
2058 1017 2211 1081 erat
2272 1016 2535 1082 idonea.
2609 1017 2865 1082 Valent
2910 1017 3039 1082 hac

693 1145 765 1208 in
826 1160 898 1208 re
961 1159 1134 1222 quae
1181 1141 1362 1207 dixit
1408 1141 1751 1222 Molierus,
1801 1143 2003 1222 poeta
2048 1140 2373 1224 comicus,
2421 1142 2504 1206 de
2551 1141 2657 1206 sui
2706 1142 3041 1224 temporis

696 1267 928 1349 populi
976 1283 1137 1346 erga
1183 1265 1571 1330 sacerdotes
1617 1264 2064 1330 credulitate:

935 1407 1062 1466 Nos
1103 1403 1338 1484 pretres
1383 1425 1458 1464 ne
1501 1409 1640 1464 sont
1681 1425 1791 1482 pas
1835 1423 1903 1464 ce
1946 1405 2119 1480 qu’un
2159 1406 2296 1464 vain
2333 1406 2536 1480 peuple
2577 1425 2779 1483 pense,

935 1503 1126 1564 Notre
1168 1502 1462 1562 credulite
1503 1502 1619 1562 fait
1661 1507 1831 1560 toute
1872 1504 2006 1560 leur
2047 1504 2314 1577 science3

701 1641 798 1706 sic
858 1641 929 1704 et
996 1639 1385 1705 sacerdotes
1453 1639 1525 1702 et
1593 1638 1923 1720 populum
1993 1638 2218 1720 ipsum
2284 1629 2779 1720 perstringens
2850 1639 3038 1704 Inve-

700 1765 982 1830 niebant
1028 1763 1393 1845 Sophistae
1445 1762 1692 1842 ubique
1738 1779 1943 1827 aures
1986 1763 2379 1828 auditorum
2426 1763 2686 1846 avidaS,
2731 1765 3037 1829 animum

697 1893 1035 1972 apertum,
1075 1888 1372 1953 libenter
1408 1886 1969 1968 philosophorum
2006 1891 2374 1969 praecepta
2402 1888 2873 1971 accipientem,
2906 1905 3041 1953 non

700 2014 1112 2094 cognitionis
1157 2015 1229 2076 et
1274 2011 1605 2076 scientiae
1651 2012 1871 2093 ipsius
1918 2012 2297 2093 cupiditate
2344 2013 2653 2096 ductum,
2694 2013 2809 2077 sed
2850 2013 3043 2077 liber·

702 2139 872 2204 tatis
931 2137 1242 2219 propriae
1310 2136 1560 2200 studio.
1633 2135 1819 2216 Quae
1881 2135 2067 2199 enim
2112 2139 2319 2201 antea
2368 2136 2770 2218 necessaria,
2819 2137 3043 2217 legum

706 2262 1150 2328 hominumve
1195 2260 1612 2325 auctoritate
1660 2259 2253 2325 incommutabilia
2300 2260 2747 2343 habebantur,
2774 2263 3048 2341 propter

705 2404 957 2452 novam
1023 2387 1232 2450 istam
1304 2384 1783 2466 sophistarum
1850 2383 2231 2448 doctrinam
2292 2382 2903 2449 considerabantur
2966 2387 3047 2449 ut

705 2512 882 2577 forte
942 2511 1220 2575 fortuna
1281 2508 1511 2574 oblata
1570 2507 1682 2572 vel
1731 2524 1819 2571 ex
1866 2507 2154 2572 arbitrio
2202 2511 2371 2572 orta.
2443 2508 2653 2572 Poeta
2698 2512 2931 2573 noster
2978 2509 3050 2572 et

706 2638 778 2701 in
839 2635 1204 2716 Equitibus
1265 2633 1337 2697 et
1394 2633 1466 2697 in
1514 2632 1829 2697 Nubibus
1874 2631 2121 2714 populo
2170 2631 2693 2714 inconsiderate,
2740 2651 2783 2697 a
2829 2633 3047 2715 pravi·

709 2764 852 2826 tate
915 2776 1051 2824 non
1111 2758 1356 2840 alieno,
1411 2757 1676 2840 aperire
1722 2757 1957 2822 oculos
2003 2758 2073 2821 in
2121 2758 2352 2823 animo
2398 2759 2659 2841 habuit,
2707 2775 3049 2838 nusquam

707 2890 944 2951 autem
1003 2902 1091 2949 ex
1152 2887 1392 2949 nostra
1452 2882 1686 2949 fabula
1746 2885 2030 2964 apparet
2090 2899 2251 2947 eum
2282 2882 2781 2965 philosophiam
2824 2884 3048 2965 odisse,

711 3015 792 3076 ut
835 3012 1192 3090 hucusque
1237 3007 1565 3089 permulti
1617 3006 1750 3071 viri
1797 3008 1976 3071 docti
2024 3009 2307 3089 putasse
2353 3007 2680 3071 videntur
2724 3008 2834 3086 (cf.
2867 3025 2922 3072 e.
2953 3026 3053 3089 gr.

716 3134 1022 3200 Teuffelii
1069 3133 1436 3215 sententia,
1485 3149 1546 3213 p.
1596 3133 1681 3196 42
1729 3134 1935 3207 nota).
1985 3132 2082 3196 De
2120 3133 2244 3196 hac
2284 3148 2355 3197 re
2394 3135 2634 3211 postea
2668 3132 3056 3197 accuratius

715 3259 1123 3323 videbimus
1173 3256 1304 3322 Hic
1342 3261 1616 3321 tantum
1649 3256 2199 3321 animadvertere
2236 3256 2425 3339 libet,
2465 3258 2769 3320 nostram
2804 3256 3054 3337 opinio·

715 3400 873 3447 nem
939 3382 1180 3446 statim
1241 3381 1328 3445 iis
1387 3379 1773 3446 confirmari
1832 3380 2060 3444 verbis
2106 3397 2281 3459 quae
2328 3397 2427 3444 vs.
2479 3381 2650 3444 1080
2696 3380 3053 3460 leguntur:

717 3506 824 3573 εἶτ’
895 3512 978 3581 εἷς
1046 3511 1155 3571 τὸν
1223 3503 1320 3569 Δί’
1380 3470 1805 3585 Ξπᾶνενεγκεῑυ
1857 3521 2003 3586 sqq.
2051 3505 2252 3581 (refer
2301 3504 2571 3585 culpam
2619 3508 3053 3586 peccatorum

719 3639 998 3699 tuorum
1067 3632 1138 3695 in
1195 3632 1474 3707 Iovem).
1544 3630 1875 3697 Voluitne
1921 3631 2125 3710 poeta
2172 3629 2374 3692 hocce
2420 3627 2886 3694 additamento
2934 3630 3056 3709 sig-

723 3758 1020 3839 nificare,
1089 3756 1526 3839 philosophos
1571 3756 1803 3820 omnia
1849 3771 1975 3819 sua
2024 3753 2193 3817 vitia
2238 3760 2649 3835 peccataque
2695 3752 2799 3818 ita
2844 3754 3059 3819 solere

725 3899 1054 3948 excusare
1139 3885 1350 3961 atque
1433 3880 1851 3945 defendere?
1936 3878 2034 3943 De
2098 3879 2355 3943 talibus
2418 3876 2812 3957 διαλέγεσθαι
2882 3894 3057 3941 ama-

725 4008 897 4071 bant
953 4004 1359 4087 philosophi,
1423 4008 1494 4068 et
1540 4004 1875 4068 eiusmodi
1924 4002 2411 4084 disputationis
2454 4002 2785 4067 comicam
2832 4001 3059 4081 imagi-

725 4147 882 4193 nem
933 4128 1130 4192 nobis
1176 4129 1457 4209 praebet
1503 4129 1706 4207 poeta
1752 4128 1935 4205 (vide
1982 4145 2037 4191 c.
2086 4126 2205 4207 III,
2254 4130 2291 4203 ἓ
2342 4128 2465 4204 10).
2512 4128 2625 4190 An
2651 4125 3057 4191 credendum

725 4253 1082 4335 putaveris
1145 4270 1472 4332 umquam
1534 4252 1889 4316 exstitisse
1952 4250 2453 4333 philosophum,
2504 4251 2621 4330 qui
2666 4251 2834 4315 serio
2880 4249 3063 4314 furta

727 4382 799 4442 et
859 4376 1115 4441 scelera
1175 4376 1536 4441 defendere
1583 4379 1791 4455 atque
1839 4376 2105 4441 civibus
2152 4374 2297 4439 suis
2342 4376 2625 4456 probare
2672 4372 3064 4438 studuerit?

732 4502 858 4582 Qui
905 4501 1205 4565 comicus
1250 4500 1419 4564 talia
1465 4500 1531 4563 in
1583 4500 1851 4581 pulpito
1898 4500 2236 4563 dicentem
2284 4498 2455 4563 facil¹
2500 4498 2907 4563 histrionem
2952 4497 3064 4561 ali-

734 4644 958 4707 quem,
1023 4624 1302 4689 maioris
1361 4624 1524 4687 mali
1586 4627 1825 4688 auctor
1870 4640 2021 4687 esse
2068 4626 2295 4704 potest
2341 4640 2545 4702 quam
2592 4623 2736 4703 ipse
2784 4621 3066 4703 philoso-

739 4752 937 4834 phus,
999 4749 1137 4829 qui,
1199 4748 1630 4829 διαλεγόμενος
1693 4754 1830 4831 περὶ
1892 4748 2286 4830 δικαιοσύνης
2346 4750 2555 4826 atque
2601 4746 2815 4811 animi
2862 4763 3070 4811 causa
