3478 5737
1577 586 1662 650 43

443 775 992 858 disputationum
1058 783 1403 861 patronas.
1469 777 1542 844 Si
1603 783 1807 861 poeta
1868 781 2100 862 populi
2165 780 2442 846 volatici
2490 782 2793 847 studium

445 901 836 985 διαλεκτικῆς
897 903 1280 968 fanaticum
1345 903 1680 968 voluisset
1742 910 2276 988 repraesentare,
2334 905 2591 970 dixeris
2638 924 2798 971 eum

448 1027 570 1090 vix
617 1027 954 1110 aptiorem
1003 1028 1310 1109 potuisse
1355 1027 1670 1092 invenire
1718 1028 2109 1108 imaginem.
2172 1028 2445 1111 Optime
2492 1030 2675 1094 enim
2726 1031 2795 1094 in

447 1151 772 1232 populum
849 1152 1384 1217 Atheniensium
1459 1152 1755 1232 quadrat
1820 1153 1937 1216 illa
2002 1153 2507 1235 nebulosarum,
2569 1155 2799 1219 incon·

445 1275 812 1357 stantium,
896 1293 1126 1342 rerum
1213 1277 1508 1357 speciem
1595 1279 1870 1342 tantum
1958 1278 2438 1342 venerantium
2516 1279 2796 1344 dearum

447 1398 694 1480 imago,
783 1399 1038 1480 Utique
1122 1417 1208 1466 ex
1280 1399 1698 1471 incultorum
1768 1400 2085 1482 opinione
2156 1402 2494 1466 habentur
2565 1402 2799 1468 Nubes

448 1523 756 1604 comite8‚
805 1540 1094 1604 quorum
1141 1524 1640 1594 consuetudine
1685 1524 2071 1605 philosophi
2119 1525 2369 1590 cotidie
2415 1529 2725 1591 utuntur.
2748 1525 2799 1602 1)

453 1647 632 1712 Deae
697 1648 930 1714 Nubes
989 1648 1158 1713 illud
1222 1649 1530 1713 studium
1589 1649 1837 1730 populo
1886 1665 2155 1730 quoque
2202 1650 2632 1715 insusurrare
2680 1650 2795 1714 fin·

447 1775 728 1852 guntur.
821 1773 1040 1837 Simul
1127 1773 1336 1853 igitur
1418 1774 1775 1838 hominum
1846 1773 2341 1854 cogitationum
2413 1791 2659 1840 causae
2728 1777 2801 1839 et

447 1897 724 1961 fructus
806 1897 1228 1976 effectusque
1313 1901 1476 1964 sunt
1562 1897 1948 1964 habendae:
2034 1898 2269 1962 eodem
2357 1898 2543 1963 enim
2620 1897 2800 1962 redit

451 2022 689 2084 utrum
737 2020 924 2084 dicas
969 2036 1210 2084 omnes
1256 2020 1398 2086 fere
1447 2020 1915 2085 Athenienses
1947 2019 2220 2084 illarum
2256 2020 2536 2086 dearum
2570 2022 2799 2086 furore

446 2160 602 2210 esse
662 2146 1014 2226 correptos
1073 2161 1159 2208 an
1223 2160 1464 2210 omnes
1525 2144 1767 2209 insano
1830 2142 2055 2210 studio
2118 2145 2217 2208 sic
2278 2144 2649 2225 indulgere,
2724 2147 2803 2208 ut

447 2268 616 2332 deas
661 2285 811 2332 esse
857 2268 990 2333 sibi
1037 2269 1300 2348 fingant
1346 2285 1518 2348 quae
1565 2287 1638 2332 se
1685 2267 2001 2333 incitent.
2058 2267 2157 2332 Cf.
2206 2285 2306 2332 vs.
2353 2269 2482 2332 316
2529 2286 2677 2350 sqq.
2725 2277 2799 2332 et

451 2410 554 2456 vs.
603 2391 728 2456 331
777 2408 926 2472 sqq.

543 2516 801 2582 Fabula
845 2520 1083 2580 nostra
1130 2517 1254 2581 hoc
1303 2516 1837 2582 Atheniensium
1886 2517 2191 2582 studium
2240 2533 2447 2596 quam
2498 2517 2799 2582 maxime

451 2641 1050 2724 perstringendum
1105 2641 1236 2706 sibi
1283 2642 1603 2723 sumpsit,
1653 2641 1829 2721 quod
1880 2641 2154 2721 saepius
2199 2640 2561 2706 ostendere
2608 2658 2798 2706 cona·

453 2767 702 2831 bimur.
743 2766 948 2830 Erras
983 2769 1242 2850 autem,
1282 2767 1339 2832 si
1381 2771 1586 2850 putas
1625 2767 1921 2832 Chorum
1960 2781 2043 2852 τῷ
2078 2766 2289 2849 ἥττονι
2324 2763 2491 2848 λόγῳ
2524 2769 2800 2831 tantum

451 2909 606 2957 esse
651 2892 1010 2957 fautorem.
1057 2892 1214 2957 Stat
1261 2892 1526 2958 Chorus
1573 2893 1640 2957 in
1693 2894 2069 2957 certamino
2116 2896 2351 2957 nostro
2384 2899 2513 2970 (vs.
2544 2892 2791 2955 1025—

459 3016 655 3090 1035)
712 3032 757 3080 a
807 3022 1055 3081 neutra
1101 3020 1328 3098 parte;
1377 3017 1450 3081 in
1499 3016 1769 3081 fabulae
1820 3017 1961 3081 fine
2009 3036 2147 3082 vss.
2197 3018 2367 3081 1458
2416 3034 2562 3097 sqq.
2612 3016 2804 3080 favet

453 3136 545 3227 τῷ
607 3142 904 3223 κρείττονι
966 3139 1154 3227 λόγῳ.
1227 3142 1324 3205 De
1386 3141 1513 3205 hac
1573 3144 1809 3205 autem
1859 3140 2061 3205 Chori
2112 3140 2372 3205 mentis
2420 3139 2801 3203 mutatione

455 3268 696 3346 postea
738 3270 846 3330 est
893 3265 1264 3330 videndum
1311 3265 1516 3341 (Part.
1565 3264 1650 3346 ΙΙ,
1699 3281 1757 3329 c.
1808 3265 1857 3345 Ι,
1908 3269 1945 3341 5
1994 3266 2075 3343 3).

549 3390 696 3455 Ηοο
763 3389 908 3455 loco
969 3406 1104 3454 non
1169 3390 1569 3471 negligenda
1631 3389 1802 3453 mihi
1866 3388 2140 3453 videtur
2202 3389 2533 3468 quaestio,
2598 3403 2803 3465 quam

459 3530 598 3578 non
661 3512 861 3577 facile
904 3513 1154 3577 solvas,
1203 3512 1619 3577 Scholiastes
1663 3512 1750 3577 ad
1800 3529 1901 3577 vs.
1950 3514 2081 3577 888
2126 3515 2456 3577 annotat:
2506 3510 2688 3592 μέλος
2738 3511 2801 3573 δὲ

539 3786 590 3864 1)
669 3784 808 3844 Non
867 3786 1043 3863 plane
1103 3784 1252 3843 mihi
1311 3783 1642 3861 probantur
1703 3802 1855 3859 quae
1917 3783 1995 3842 ad
2049 3802 2135 3842 vs,
2180 3784 2293 3841 361
2340 3788 2589 3843 annotat
2628 3804 2685 3843 v.
2730 3784 2803 3842 cl.

457 3884 598 3943 Van
635 3882 968 3942 Leeuwen:
1017 3882 1172 3956 „Est
1211 3882 1370 3957 quod
1409 3881 1646 3939 mireris
1687 3886 1811 3940 tam
1834 3879 2157 3941 honorifice
2178 3900 2335 3939 nunc
2358 3881 2807 3939 commemorari

463 3982 576 4054 τὴν
641 3980 864 4057 σοφίαν
927 3986 1024 4036 καὶ
1089 3981 1198 4053 τὴν
1263 3982 1510 4055 γνώμην
1573 3978 1895 4037 Prodici..
1922 4024 1935 4036 .
2001 3978 2227 4037 dixeris
2268 3982 2470 4036 autem
2514 3977 2807 4036 eiusmodi

460 4078 750 4155 argutias,
835 4078 1041 4152 quales
1114 4076 1409 4135 Prodicus
1467 4074 1810 4153 appetebat,
1870 4075 2249 4150 Aristophani
2311 4094 2489 4149 quam
2550 4076 2807 4133 maxime

462 4174 754 4235 absurdas
815 4173 1098 4233 debuisse
1159 4173 1448 4233 videri...
1515 4172 1637 4231 Sed
1699 4193 1857 4231 nunc
1921 4178 1990 4231 ut
2052 4173 2229 4231 aliter
2284 4171 2578 4230 iudicaret
2619 4172 2809 4231 movit

459 4272 926 4350 Aristophanem
975 4271 1134 4330 Iusti
1175 4277 1237 4330 et
1279 4270 1503 4330 Iniusti
1544 4276 1845 4329 oratorum
1890 4271 2265 4345 colloquium,
2313 4270 2707 4347 compositum
2730 4268 2809 4328 ad

459 4371 799 4448 exemplum
862 4369 1315 4429 declamationis
1353 4368 1598 4427 Prodici
1649 4367 2110 4427 celeberrimae''
2157 4373 2269 4426 cet.
2333 4368 2487 4425 Fere
2528 4386 2809 4445 superva-

461 4487 711 4527 caneum
754 4468 871 4527 erit
911 4466 1111 4526 dicere
1154 4486 1271 4525 non
1305 4464 1773 4543 Aristophanem
1806 4467 2003 4543 ipsum
2026 4465 2181 4524 serio
2204 4464 2426 4539 alloqui
2448 4464 2807 4535 Prodicum;

461 4569 606 4624 sunt
643 4584 710 4622 re
749 4583 894 4623 vera
937 4564 1204 4639 Nebzdae,
1250 4582 1401 4638 quae
1445 4564 1787 4640 loquuntur,
1827 4562 2231 4621 Athenienses
2267 4559 2525 4620 fortasse
2546 4562 2807 4619 volatici.

464 4662 570 4720 Sic
631 4662 692 4719 in
751 4660 985 4739 pulpito
1048 4662 1236 4739 ipsius
1295 4666 1507 4739 poetae
1567 4681 1821 4739 persona
1879 4679 2033 4738 pone
2096 4660 2353 4719 comicas
2403 4659 2809 4735 oppositiones

467 4761 702 4819 celatur
739 4778 987 4835 seseque
1029 4758 1349 4819 abscondit
1388 4757 1572 4837 (Vide
1614 4758 1915 4817 Prooemii
1957 4759 1995 4835 ξ
2042 4760 2071 4815 1
2118 4764 2182 4817 et
2220 4756 2302 4835 3).
