3478 5737
1797 499 1878 562 14

670 692 1240 776 προπηλακίζοντες
1287 691 1683 779 ἐκβάλλουσι,
1731 696 2100 777 μετριότητα
2147 693 2211 756 δὲ
2259 698 2362 756 καὶ
2413 696 2678 775 κοσμίαν
2719 692 3018 777 δαπάνην

670 823 753 891 ὡς
834 822 1161 901 ἀγροικίαν
1241 824 1343 882 καὶ
1415 818 1851 903 ἀνελευθερίαν
1929 816 2122 883 οὖσαν
2195 824 2516 893 πείθοντες
2583 820 3020 903 ὑπερορίζουσι

667 948 820 1024 μετὰ
885 943 1141 1009 πολλῶν
1190 950 1300 1007 καὶ
1345 944 1687 1026 ἀνωφελῶν
1735 946 2092 1025 ἐπιθυμιῶν
2140 945 2248 1023 (Cf.
2299 944 2381 1008 (Ῑθ
2427 944 2715 1025 Republ.
2769 945 2899 1009 560
2945 944 3016 1025 Ε,

667 1070 749 1133 de
798 1070 1090 1150 Legibus
1138 1070 1315 1146 875).

756 1194 1075 1259 Ceterum
1161 1212 1537 1275 numquam
1624 1194 1951 1258 desinunt
2009 1197 2334 1274 oratoreS,
2399 1210 2556 1257 oum
2618 1192 3014 1272 aequalium

668 1335 894 1383 mores
954 1321 1264 1400 carpunt,
1340 1322 1577 1382 vetera
1644 1318 1888 1383 efferre
1935 1318 2275 1383 laudibus,
2365 1317 2474 1381 Ita
2521 1316 3018 1381 Demosthenes

670 1444 973 1525 (Olynth.
1022 1442 1139 1507 ΙΙΙ.
1186 1443 1271 1517 25
1318 1445 1480 1522 sq.).·

762 1568 891 1651 ἰδίᾳ
968 1566 1197 1632 δὀῧτω
1274 1570 1682 1651 σώφρονες
1761 1564 1916 1651 ἦσαν
1996 1574 2098 1631 καὶ
2178 1566 2451 1649 σφόδρ’
2529 1570 2607 1632 ἓν
2693 1564 2795 1651 τῷ
2878 1581 3016 1646 τῆς

673 1692 1104 1767 πολιτείας
1176 1696 1357 1777 ἤθει
1425 1696 1833 1776 μένοντες,
1903 1694 2054 1758 ὥστε
2124 1700 2234 1774 τὴν
2295 1691 2697 1777 Ἀριστείδου
2747 1698 2850 1755 καὶ
2902 1698 3012 1769 τὴν

672 1818 1039 1883 Μιλτιάδου
1102 1825 1205 1883 καὶ
1263 1833 1386 1884 τῶν
1452 1822 1583 1884 τότε
1630 1819 1937 1903 λαμπρῶν
1988 1821 2191 1883 οἰκίαν
2239 1820 2297 1882 εἶ’
2338 1846 2429 1892 τις
2475 1820 2578 1902 ἄρ’
2627 1814 2790 1883 οἶδεν
2845 1824 3017 1899 ὑμῶν

674 1948 863 2007 ὁποία
911 1947 1052 2008 ποτ’
1100 1948 1284 2022 ἐστίν,
1335 1950 1448 2032 ὁρᾷ
1510 1961 1617 2027 τῆς
1676 1961 1791 2010 ,τοῦ
1837 1949 2112 2025 γείτονος
2160 1945 2338 2009 οὐδὲν
2388 1946 2756 2027 σεμνοτέραν
2807 1941 3016 2009 οὖσαν.

673 2073 761 2132 οὒ
841 2070 989 2149 γάρ
1073 2074 1185 2143 εἷς
1270 2074 1756 2153 περιουσίαν
1842 2072 2260 2153 ἐπράττετ’
2348 2075 2637 2145 αὺτοῖς
2719 2075 2812 2133 τὰ
2885 2086 3019 2151 τῆς

674 2192 1000 2274 πόλεως,
1063 2194 1275 2258 ἀλλὰ
1336 2201 1419 2259 τὸ
1484 2198 1769 2260 κοινόν
1835 2196 2114 2271 αὔξειν
2172 2194 2520 2269 ἕκαστος
2579 2196 2780 2283 ᾤετο
2829 2197 3016 2260 δεῖν.

675 2320 932 2385 Deinde
958 2321 1180 2402 capite
1204 2322 1519 2401 sequenti
1543 2322 1559 2386 i
1574 2323 1762 2405 psius
1781 2324 2075 2387 oratoris
2095 2326 2231 2386 tem
2243 2338 2482 2404 porum
2508 2338 2732 2386 mores
2751 2338 3019 2401 cognos-

674 2446 929 2511 cimus:
979 2445 1387 2531 ἀποβλέψατε
1438 2485 1499 2493 -
1557 2450 1615 2511 οἱ
1663 2447 1720 2509 δ’
1769 2448 1832 2521 ἓξ
1865 2448 2110 2521 ἀδόξων
2145 2446 2402 2529 ἐ’ντιμοι,
2431 2446 2582 2511 ἐ’νιοι
2616 2446 2680 2511 δὲ
2712 2451 2821 2520 τὰς
2861 2446 3020 2519 ἰδίας

679 2572 879 2643 οἰκίας
903 2584 1028 2635 τῶν
1056 2572 1372 2656 δημοσίων
1403 2572 1922 2657 οἰκοδομημάτων
1945 2575 2433 2657 σεμνοτέρας-εἶσὶ
2456 2574 3019 2654 κατεσκευασμένοι.

677 2694 800 2783 ὅσῳ
848 2696 912 2759 δὲ
960 2702 1037 2761 τὰ
1084 2712 1191 2780 τῆς
1230 2698 1467 2773 πόλεως
1498 2698 1735 2763 ἐλάττω
1767 2702 1998 2780 γέγονε,
2036 2703 2311 2779 τοσούτῳ
2356 2700 2428 2763 τά
2468 2704 2702 2763 τούτων
2733 2700 3017 2783 ηὔξηται.

763 2820 1084 2888 Eiusdem
1130 2826 1400 2906 generis
1446 2826 1946 2908 oppositionem
1993 2826 2390 2892 invenimus
2436 2825 2614 2908 apud
2641 2824 3020 2890 ISOORATEM

673 2951 1093 3033 (περὶεῖρήνης
1110 2956 1146 3028 5
1166 2950 1251 3014 36
1270 2988 1327 2995 -
1345 2951 1473 3030 56).
1508 2987 1569 2996 —
1593 2951 1715 3028 (De
1745 2951 2098 3031 utriusque
2124 2951 2573 3033 oppositionis
2597 2945 3020 3032 praestantia

676 3072 759 3137 cf.
808 3075 1387 3154 comparationem
1438 3074 1747 3157 Dionysii
1797 3075 2428 3140 Halicarnassensis
2469 3101 2536 3139 π.
2577 3102 2628 3139 τ.
2671 3074 2829 3139 λεκτ.
2865 3081 3016 3158 Λημ.

678 3195 1027 3281 δεινότητος
1075 3215 1133 3263 c.
1184 3199 1309 3278 21).

766 3433 802 3504 ἓ
850 3429 911 3491 4.
1004 3428 1592 3510 Quemadmodum
1638 3430 1707 3493 in
1761 3429 2322 3494 Acharnensibus
2367 3432 2571 3510 poeta
2618 3446 2768 3494 sese
2815 3445 3014 3510 oppo-

679 3553 821 3617 suit
890 3553 1085 3634 belm,
1134 3553 1233 3617 sic
1279 3554 1347 3617 in
1400 3552 1765 3633 Equitibus
1811 3553 2291 3618 democratiam
2343 3572 2549 3635 quam
2599 3553 2902 3618 maxime
2947 3553 3014 3617 in

679 3676 1049 3742 ludibrium
1110 3677 1342 3742 vertit.
1411 3677 1549 3743 Neo
1606 3695 1767 3743 vero
1814 3678 1942 3742 hac
1988 3678 2055 3742 in
2106 3695 2178 3743 re
2225 3682 2483 3744 temere
2529 3697 2608 3744 ao
2645 3679 3016 3744 inconside-

680 3803 829 3866 rate
907 3801 1135 3884 populi
1184 3803 1434 3868 studiis
1502 3807 1609 3868 est
1668 3804 2114 3885 adversatus;
2176 3803 2322 3868 sine
2385 3804 2524 3868 ullo
2588 3803 2792 3870 dubio
2853 3807 3018 3868 tuno

598 4008 601 4011 Ι
679 3927 1009 4008 temporis
1074 3927 1381 3991 virorum
1440 3927 1856 4008 optimorum
1920 3931 2199 3992 secutus
2244 3931 2353 3992 est
2397 3928 2771 4009 opiniones,
2819 3926 3018 4006 (Vide

680 4050 900 4123 infra).
969 4049 1192 4114 Facile
1260 4051 1445 4114 enim
1494 4050 1922 4133 intelligitur,
1970 4051 2041 4114 in
2089 4050 2178 4115 iis
2223 4051 2648 4133 temporibus
2694 4052 3016 4132 deprava-

680 4174 893 4238 tionis
937 4173 1179 4257 plenis,
1219 4176 1567 4239 neminem
1606 4175 1990 4256 sapientem
2032 4191 2168 4239 non
2202 4176 2632 4257 perspexisse
2667 4175 3015 4240 meliorem

682 4316 846 4363 sane
889 4300 1301 4380 reipublicae
1345 4303 1634 4365 formam
1682 4301 1980 4365 inveniri
2027 4317 2224 4382 posse
2271 4317 2475 4380 quam
2524 4300 2710 4365 illam
2752 4299 3018 4384 imperii

680 4423 1271 4506 constitutionem,
1340 4425 1411 4489 in
1482 4442 1616 4504 qua
1676 4424 1969 4507 populus
2014 4425 2318 4490 incultus
2365 4407 2741 4507 plurimum
2787 4427 3019 4506 posset

679 4547 1042 4628 omniaque
1109 4554 1232 4614 aut
1299 4566 1421 4614 suo
1488 4554 1611 4615 aut
1658 4549 2183 4630 demagogorum
2229 4549 2516 4614 arbitrio
2564 4554 2850 4630 gereret.
2921 4549 3019 4614 Ut

678 4671 748 4737 et
830 4689 1057 4737 rerum
1144 4673 1675 4739 Atheniensium
1755 4677 2020 4739 statum
2089 4677 2162 4739 et
2232 4674 2723 4754 Aristophanis
2791 4675 2873 4739 de
2940 4691 3016 4738 eo
