3478 5737
1577 617 1697 680 171

852 824 966 874 νῦν
1017 806 1127 873 οὖν
1178 807 1349 883 ὅπως
1397 812 1608 882 σώσεις
1656 810 1746 890 μ’,
1791 812 1923 873 ἐπεὶ
1971 815 2074 873 καὶ
2125 809 2472 884 ἀπώλεσας.

452 934 557 998 Ne
636 951 820 999 nunc
888 933 1163 1014 quidem
1234 933 1456 998 voluit
1525 937 1733 1015 poeta
1805 934 2048 1000 rustici
2119 952 2418 1000 errorem
2489 934 2804 1016 dissipari

456 1059 685 1123 verbis
750 1058 907 1137 filii;
978 1076 1101 1122 nec
1177 1058 1469 1139 mirum,·
1524 1058 1826 1133 primurn
1891 1060 2074 1124 enim
2137 1060 2476 1141 oppositio
2537 1063 2804 1140 patrem

458 1183 637 1247 inter
680 1188 754 1246 et
792 1182 1011 1247 filium
1048 1182 1271 1247 denuo
1310 1182 1719 1247 facetiarum
1759 1186 2036 1265 praebet
2077 1184 2324 1247 seriem
2373 1222 2432 1227 --
2474 1184 2554 1247 ad
2599 1200 2805 1261 quam

458 1324 597 1371 rem
684 1308 751 1370 in
842 1306 1187 1371 comoedia
1256 1306 1573 1387 inprimis
1641 1312 1752 1373 est
1817 1308 2312 1373 attendendum
2401 1330 2494 1387 —;
2563 1307 2806 1372 deindo

462 1430 813 1510 rusticum,
879 1431 995 1510 qui
1056 1448 1193 1496 non
1254 1430 1451 1495 facile
1515 1448 1675 1511 prae
1741 1450 1866 1496 sua
1927 1432 2362 1497 contumacia
2409 1432 2542 1495 nisi
2591 1431 2809 1513 ipsius

460 1554 884 1619 incommodo
968 1572 1047 1620 ac
1131 1555 1380 1619 damno
1464 1556 1677 1620 doceri
1755 1559 2046 1637 poterat,
2117 1556 2509 1621 calamitate
2577 1555 2810 1635 aliqua

460 1679 928 1759 corrigendum
992 1697 1145 1744 esse
1206 1679 1497 1745 censuit.
1572 1680 1824 1745 Filium
1863 1680 2096 1764 igitur,
2137 1698 2341 1760 quem
2389 1683 2590 1761 pater
2639 1680 2807 1743 invi·

465 1808 611 1867 tum
660 1806 971 1883 coegerat
1018 1808 1097 1869 ut
1141 1804 1526 1869 addisceret
1571 1810 1678 1869 τὸν
1728 1807 2122 1870 ἀδικώτατον
2173 1804 2384 1885 λόγον,
2430 1804 2804 1887 proposuit,

464 1942 597 1991 non
644 1926 793 1991 dico
840 1944 997 1991 cum
1044 1926 1327 1993 Socrate
1377 1928 1731 2010 Choroque
1777 1932 1859 1995 de
1899 1931 2242 1995 industria
2273 1930 2807 2011 conspirantem,

464 2050 579 2115 sed
648 2050 847 2131 quasi
914 2051 1061 2115 sato
1122 2050 1577 2133 designatum,
1644 2057 1723 2119 ut
1785 2054 1962 2136 patri
2027 2054 2260 2119 oculos
2303 2053 2622 2135 aperiret,
2673 2067 2806 2115 non

468 2178 739 2239 tantum
802 2174 1032 2256 verbis,
1089 2175 1204 2239 sed
1267 2176 1586 2257 inprimis
1650 2178 2012 2243 verberibus
2071 2178 2354 2243 acerbis.
2425 2175 2808 2241 Ratiocina-

468 2300 690 2363 tiones
766 2298 938 2363 nihil
1016 2299 1241 2364 valere
1318 2300 1387 2363 in
1452 2300 1693 2367 rustici
1757 2302 2281 2383 contumaciam,
2345 2300 2602 2383 optime
2667 2316 2806 2380 per·

468 2424 697 2505 spexit
766 2427 988 2505 poeta,
1062 2424 1615 2505 lepidissimeque
1684 2426 1849 2491 fecit
1911 2431 2177 2508 patrem
2239 2426 2458 2507 ipsius
2505 2438 2618 2487 τοῦ
2671 2428 2808 2487 tam

468 2549 833 2614 desiderati
882 2547 1073 2627 λόγου
1120 2564 1231 2613 τοῦ
1276 2550 1499 2613 ἀδίκου
1539 2551 1910 2616 ludibrium
1953 2550 2464 2631 victimamque.
2523 2549 2807 2613 Nullum

470 2678 926 2755 spectatorem
979 2675 1445 2757 l'hidippidem
1496 2692 1737 2739 revera
1783 2676 2102 2739 habuisse
2143 2694 2261 2755 pro
2307 2675 2812 2759 „sophistarum

469 2798 787 2863 alumno''
818 2796 863 2878 ¹)
914 2834 992 2843 —-
1044 2800 1213 2863 mihi
1263 2799 1870 2882 persuasissimum
1917 2800 2152 2865 habeo.
2221 2796 2348 2881 Qui
2395 2798 2600 2863 aliter
2649 2798 2814 2861 iudi-

474 2927 827 3004 caverunt,
876 2924 1108 2988 eodem
1160 2926 1603 3004 modo-atque
1644 2925 2075 3006 Strepsiades
2111 2925 2182 2989 in
2217 2942 2514 2988 errorem
2554 2923 2813 2987 inducti

475 3064 621 3112 esse
668 3047 839 3112 mihi
888 3048 1231 3113 videntur.

565 3177 759 3268 ψρβεῖ
819 3172 882 3235 δὲ
930 3173 1005 3254 δὴ
1056 3175 1116 3235 τί
1130 3195 1157 3252 ,·
1206 3177 1398 3254 rogat
1446 3174 1647 3237 filius.
1720 3173 2188 3254 Respondenti
2239 3171 2652 3253 Strepsiadi:
2703 3177 2815 3253 τὴν

472 3293 618 3381 ἕνην
666 3323 727 3362 τε
775 3303 879 3360 καὶ
930 3301 1095 3374 νέαν,
1142 3299 1404 3378 probat,
1456 3298 1599 3362 fieri
1650 3315 1786 3361 non
1838 3315 2034 3378 posse
2085 3300 2163 3361 ut
2213 3315 2390 3360 unus
2428 3296 2573 3359 dies
2612 3295 2818 3360 simul

478 3423 568 3487 sit
630 3425 833 3486 vetus
892 3440 971 3486 ac
1032 3438 1289 3502 novus;
1348 3421 1519 3485 nihil
1567 3421 1782 3500 igitur
1829 3421 2237 3500 timendum,
2286 3419 2609 3500 quoniam
2661 3419 2822 3484 talis

480 3563 609 3611 non
689 3549 922 3610 exstet
996 3545 1159 3610 dies.
1259 3545 1409 3608 Non
1480 3545 1654 3608 satis
1724 3543 2065 3624 intellegit
2136 3544 2438 3607 rusticus
2507 3561 2625 3622 pro
2695 3561 2820 3607 sua

480 3670 820 3735 fatuitate.
914 3673 1137 3750 Quare
1206 3669 1521 3748 exemplo
1590 3667 1941 3732 luculento
2017 3685 2158 3731 rem
2231 3666 2536 3731 illustrat
2607 3667 2820 3731 lilius:

480 3795 595 3874 qui
656 3798 884 3876 potest
943 3793 1189 3858 mulier
1252 3791 1457 3857 simul
1522 3809 1670 3856 esse
1732 3795 1804 3855 et
1849 3809 2025 3855 anus
2072 3795 2143 3855 et
2191 3791 2435 3872 puella.
2505 3791 2818 3855 Nondum

480 3937 761 3984 securus
848 3917 1200 3983 contendit
1292 3916 1718 3998 Strepsiades
1810 3916 1953 3996 lege
2035 3933 2186 3980 esse
2269 3916 2822 3980 institutum...

482 4043 883 4125 Interpellat
952 4060 1108 4106 eum
1180 4042 1381 4122 filine,
1453 4041 1640 4105 omni
1706 4044 1895 4104 metu
1961 4057 2118 4104 euin
2181 4040 2470 4104 liberare
2516 4040 2820 4120 studens,

481 4167 819 4247 dicitque:
870 4167 1182 4231 homines
1230 4183 1362 4230 non
1414 4168 1595 4228 recte
1645 4164 2061 4245 intellegere,
2113 4165 2273 4243 quid
2321 4164 2452 4228 sibi
2493 4164 2665 4227 velit
2687 4163 2822 4244 lex,

484 4310 689 4372 quam
758 4309 799 4356 a
870 4291 1115 4356 Solone
1184 4307 1261 4354 eo
1331 4289 1613 4354 consilio
1682 4288 2084 4352 institutam
2151 4305 2300 4352 esse
2361 4289 2697 4368 perhibet,
2747 4291 2826 4351 ut

485 4435 703 4483 novae
786 4415 989 4480 lunae
1075 4415 1181 4478 die
1260 4415 1535 4479 demum
1607 4413 2026 4492 deponerent
2095 4411 2456 4491 litigantes
2523 4411 2824 4493 pignora,

818 4543 913 4550 —.-

565 4604 615 4675 l)
658 4601 759 4660 Sic
801 4619 851 4658 e.
896 4621 985 4676 gr.
1032 4599 1220 4657 filium
1264 4599 1531 4657 nominat
1572 4617 1627 4655 v.
1675 4597 1746 4655 cl.
1793 4597 1927 4655 Van
1968 4595 2270 4655 Leeuwen
2313 4595 2415 4668 (ad
2443 4614 2562 4654 vss,
2597 4595 2826 4653 1183-

493 4701 685 4774 1191).
750 4699 917 4757 Bode
959 4697 1201 4772 (Ge-sch.
1248 4697 1306 4753 d.
1350 4697 1557 4754 Dram.
1602 4695 1855 4754 Dichtk.
1900 4694 1958 4752 d.
2002 4695 2300 4753 Hellenen
2341 4693 2475 4752 Vol.
2519 4693 2638 4768 ΙΙΙ,
2675 4697 2829 4769 part.

488 4798 572 4868 ΙΙ,
630 4819 687 4876 p.
746 4796 888 4874 325)
942 4802 1177 4874 patrem
1234 4799 1295 4852 et
1352 4793 1539 4852 filium
1584 4799 1758 4852 vocat
1799 4793 1934 4851 ,εκ-οἱ
1979 4793 2246 4866 Ziiqle'uqe
2288 4792 2390 4849 der
2429 4791 2831 4849 Ihmkanstall.
