3478 5737
1784 607 1906 669 172

669 798 911 862 ultimo
971 801 1207 863 autem
1270 800 1530 863 mensis
1591 800 1698 863 die
1758 800 1841 863 ad
1900 816 2043 863 rem
2095 798 2631 879 componendam
2685 799 3020 863 haberent

661 922 1110 987 occasionem.
1185 922 1566 1003 Strepsiadi
1633 922 1936 1003 roganti,
2001 940 2121 987 cur
2182 922 2632 1003 magistratus
2678 939 2813 985 non
2864 922 3013 1002 ipso

661 1063 878 1110 novae
943 1046 1148 1111 lunae
1210 1048 1316 1111 die
1383 1050 1819 1111 sacramenta
1862 1047 2209 1127 accipiant
2254 1046 2373 1109 sed
2424 1046 2660 1127 pridie,
2710 1046 2753 1109 i.
2804 1066 2859 1109 e.
2905 1042 3011 1128 ἕνῃ

660 1196 721 1234 τε
792 1177 896 1234 καὶ
968 1174 1096 1255 νέᾳ,
1170 1173 1537 1253 respondet
1619 1171 2061 1253 Phidippides
2138 1188 2255 1234 eos
2314 1170 2589 1249 gulosos
2652 1175 3006 1251 1311111113111

659 1314 1006 1361 sacrarum
1079 1296 1434 1377 epularum
1504 1299 2056 1378 praegustatores
2124 1296 2314 1360 lucro
2386 1297 2737 1361 inhiantes
2802 1314 3009 1377 quam

658 1419 1009 1485 celerrime
1055 1420 1329 1499 exigere
1377 1423 1829 1485 sacramenta.
1904 1420 2146 1485 Subito
2195 1420 2427 1484 omnia
2476 1420 2734 1483 rustico
2784 1420 3008 1483 viden-

657 1548 773 1608 tur
804 1544 874 1608 in
910 1544 1094 1609 clara
1127 1545 1352 1625 posita
1385 1544 1553 1609 luce.
1589 1546 2090 1626 Exspectamus
2122 1544 2695 1608 exclamationem
2725 1544 3008 1609 huiusce

659 1668 799 1732 sere
838 1668 1139 1747 generis:
1187 1686 1434 1751 „quam
1475 1669 1690 1734 stulte
1731 1670 1801 1733 in
1836 1670 2111 1733 fraudes
2142 1668 2445 1733 solemus
2477 1667 3007 1732 delabi!”1ntel-

657 1792 879 1871 legere
941 1792 1125 1856 enim
1191 1793 1526 1858 rusticum
1589 1793 1848 1857 dixeris
1903 1792 2132 1874 populi
2196 1828 2256 1837 -—
2316 1809 2476 1871 ergo
2534 1796 2606 1855 et
2652 1790 2869 1871 ipsius
2924 1827 3003 1837 —

657 1915 1063 1979 credulitate
1123 1932 1468 1981 summam
1532 1916 1605 1979 et
1667 1916 2101 1981 sacerdotum
2166 1916 2238 1979 01
2294 1915 2826 1994 magistratuum
2876 1915 3005 1979 niti

656 2038 1035 2118 potentiam
1085 2040 1195 2115 (cf.
1247 2040 1430 2104 Part.
1483 2040 1530 2119 Ι,
1579 2057 1634 2104 0.
1685 2040 1771 2121 ΙΙ,
1816 2045 1851 2115 g
1901 2041 1967 2101 5:
2016 2042 2213 2103 notre
2260 2037 2590 2102 credulite
2637 2037 2766 2102 fait
2811 2040 3005 2102 toute

658 2162 805 2226 leur
864 2164 1171 2240 science).
1249 2162 1507 2227 Verum
1560 2164 1746 2227 enim
1792 2180 1957 2227 vero
2003 2162 2084 2226 ad
2136 2180 2481 2227 summam
2530 2163 2637 2226 sui
2686 2162 3003 2227 fiduciam

654 2285 1232 2367 insolentiamque
1281 2305 1440 2351 cum
1485 2288 1622 2352 iam
1671 2288 2121 2367 adscenderit,
2172 2290 2243 2351 et
2290 2286 2479 2366 quasi
2536 2284 2679 2349 voti
2728 2302 3003 2367 compos

654 2429 808 2475 cum
879 2429 950 2475 se
1023 2429 1156 2475 non
1225 2412 1524 2493 amplius
1585 2411 1830 2476 litibus
1892 2428 2089 2492 posse
2150 2410 2485 2491 implicari
2550 2410 2665 2474 sed
2734 2427 3003 2490 semper

652 2554 926 2600 causam
998 2554 1070 2600 50
1140 2538 1588 2601 obtenturum
1660 2537 2261 2618 persuasissimum
2333 2538 2586 2601 habeat
2660 2574 2713 2579 —
2775 2536 2997 2617 ipsum

654 2661 928 2740 quidem
983 2678 1056 2725 se
1117 2680 1203 2725 ex.
1267 2662 1645 2727 stultorum
1713 2679 1997 2727 numero
2058 2661 2326 2741 eximit,
2397 2664 2656 2741 utpote,
2722 2662 3001 2741 perinde

652 2802 729 2848 ac
803 2784 1249 2864 magistratus
1316 2786 1453 2865 isti,
1521 2786 1693 2849 artis
1762 2785 2165 2867 decipiendi,
2236 2800 2347 2849 τοῦ
2412 2786 2807 2849 ἀδικωττέτου
2874 2802 3000 2866 0110

655 2907 866 2989 λόγου,
926 2928 1200 2989 gnarus,
1283 2911 1440 2974 Ideo
1515 2911 1948 2975 miserrimus
2010 2910 2212 2974 homo
2272 2929 2353 2975 30
2420 2927 2719 2975 vesanus
2768 2911 2996 2993 populi

653 3035 1161 3098 fraudatoribus
1219 3034 1357 3098 illis
1421 3035 1558 3098 iam
1627 3053 1860 3115 parem
1926 3052 2000 3098 se
2062 3052 2210 3098 esse
2269 3035 2624 3115 gloriatuS,
2674 3036 2999 3100 simulate

653 3161 1017 3224 miseretur
1083 3159 1392 3222 omnium
1461 3177 1720 3241 corum,
1787 3158 1903 3238 qui
1966 3173 2076 3223 τοι)
2140 3159 2365 3222 ἀδίκου
2429 3157 2620 3237 λόγου
2672 3177 2807 3223 11011
2854 3161 2998 3224 51111

650 3285 886 3366 periti;
936 3300 1178 3347 revera
1221 3286 1456 3346 autem
1503 3300 1620 3348 eos
1667 3283 1911 3346 irridet
1958 3284 2356 3348 exclamans
2401 3289 2525 3363 (vs.
2576 3283 2803 3361 laon:

959 3395 1026 3462 εὖ
1069 3401 1148 3476 γ’.
1195 3396 1244 3461 ὦ
1293 3399 1764 3480 κακοδαίμονες,
1813 3401 1874 3462 τί
1920 3399 2194 3482 κάθησθ’
2245 3399 2581 3484 ἀβέλτεροι,

965 3527 1304 3607 ἡμέτερα
1368 3525 1548 3606 κέρδη
1613 3539 1769 3588 τών
1835 3539 2101 3607 σοφῶν
2166 3526 2357 3603 ὄντες,
2405 3525 2595 3603 λίθοι,

959 3652 1246 3733 ἀριθμός,
1293 3651 1555 3736 πρόβατ’
1605 3649 1833 3726 ἄλλως,
1880 3656 2164 3734 ἀμφορῆς
2214 3653 2609 3736 νενησμένοιε

741 3775 954 3854 Quam
1017 3780 1217 3840 acute
1278 3793 1357 3840 ac
1422 3777 1773 3841 subtiliter
1843 3781 2044 3858 poeta
2110 3793 2321 3856 sagax
2390 3775 2787 3841 auditorum
2856 3771 2993 3836 ani-

653 3914 802 3961 mos
876 3899 1181 3964 advertit
1246 3900 1330 3963 ad
1399 3900 1712 3965 diversos
1781 3901 2037 3965 civium
2108 3918 2372 3965 errores
2438 3904 2511 3964 01
2579 3897 2855 3964 fraudes
2922 3899 2997 3958 et

651 4022 1096 4103 cupiditates!
1193 4023 1645 4104 Decipiuntur
1713 4025 1919 4105 cives,
1992 4025 2195 4104 idque
2263 4025 2350 4088 iis
2416 4023 2586 4087 vitio
2650 4019 2991 4101 vertitis,

650 4147 767 4226 qui
829 4147 976 4228 ipse
1033 4148 1204 4212 alios
1249 4148 1556 4230 decipere
1603 4151 1673 4213 in
1722 4148 1953 4213 animo
2001 4149 2230 4214 habet.
2300 4147 2623 4227 Decipere
2670 4146 2995 4210 dicuntur

649 4274 1098 4352 magistratus
1166 4275 1375 4356 (ἀρχαί
1441 4291 1537 4337 vs.
1609 4275 1823 4356 1197),
1886 4273 2275 4337 sacerdotes
2337 4274 2725 4355 (προτένθαι,
2776 4271 2989 4350 1198),

647 4396 996 4476 sophistae
1034 4402 1270 4478 (penes
1307 4414 1477 4477 quos
1515 4397 1895 4460 secundum
1937 4397 2402 4477 Strepsiadern
2444 4401 2475 4460 ὁ
2515 4398 2729 4470 ἄδικος
2763 4395 2989 4474 λόγος),

646 4519 848 4600 idque
932 4519 1324 4585 laudantem
1397 4521 1564 4584 facit
1632 4523 1834 4601 poeta
1900 4521 2189 4584 eundem
2266 4525 2577 4587 nostrum
2649 4522 2989 4604 rusticum

649 4649 878 4708 11101110
947 4645 1144 4724 quasi
1211 4645 1592 4709 alienatum
1661 4662 1875 4724 eoque
1948 4649 2382 4726 τραγικώτατα
2450 4647 2811 4711 ridiculum
2874 4646 2986 4722 (cf.

651 4768 722 4830 Ρ.
773 4767 824 4848 Ι,
874 4787 925 4831 0.
973 4768 1024 4848 Ι,
1087 4775 1122 4844 5
1175 4771 1256 4844 1).
1323 4769 1433 4834 Sic
1495 4772 1713 4833 1013111
1782 4769 2141 4834 civitatem
2214 4773 2705 4852 perturbatam,
2758 4773 2985 4834 totum
