3478 5737
1449 615 1572 678 141

353 806 642 872 tionibus
684 808 926 872 adduci
975 824 1172 888 posse
1217 808 1532 890 arbitror,
1583 812 1662 875 ut
1709 828 1985 876 omnem
2024 830 2249 879 rerum
2291 815 2685 881 divinarum

353 930 670 995 amittant
716 948 1018 998 sensum.

431 1054 786 1121 Postremo
867 1060 976 1121 est
1039 1056 1732 1123 animadvertendum
1806 1059 2107 1125 Chorum
2177 1062 2250 1126 in
2318 1064 2685 1129 cantilenis

351 1196 538 1259 supra
597 1179 836 1245 relatis
882 1181 1018 1245 iam
1063 1182 1322 1261 absque
1369 1182 1555 1247 omni
1602 1183 2151 1249 dissimulatione
2200 1202 2435 1251 veram
2482 1204 2679 1251 suam

351 1304 718 1383 bonamque
828 1304 1130 1369 indolem
1237 1307 1744 1387 spectatoribus
1848 1308 2231 1373 ostendere.
2365 1312 2680 1376 Annotat

345 1426 636 1492 Kockius
697 1428 782 1493 ad
844 1446 946 1493 vs.
1010 1430 1173 1493 275:
1243 1430 1417 1513 „Der
1465 1430 1644 1495 Chor
1690 1431 1873 1512 zeigt
1917 1431 1986 1496 in
2037 1432 2267 1497 diesen
2319 1433 2678 1514 Gesangen

345 1551 557 1617 nichts
626 1569 763 1617 von
825 1554 980 1618 dem
1041 1554 1389 1635 windigen
1451 1554 1865 1620 Atheismus
1922 1556 2043 1620 der
2104 1556 2545 1639 Sophisten,”
2612 1562 2683 1623 et

341 1675 414 1739 ad
492 1694 594 1741 vs.
664 1678 832 1741 564:
907 1678 1184 1761 „Dieser
1253 1678 1686 1760 Chorgesang
1752 1680 1951 1757 (auch
2024 1680 2401 1757 595-606)
2470 1683 2679 1747 weiss

341 1801 557 1865 nichts
605 1818 740 1866 von
788 1802 906 1867 der
951 1802 1442 1883 Enttbronung
1485 1802 1606 1869 der
1639 1802 2126 1886 Olympischen
2162 1805 2473 1870 Gotter.”
2501 1806 2673 1887 Quid
2761 1876 2764 1879 ,

341 1926 620 1991 mirum:
697 1928 951 1991 absente
1025 1924 1420 2010 Strepsiade,
1483 1928 1622 1993 iam
1693 1928 1792 1992 nil
1854 1945 2027 2009 opus
2072 1933 2180 1995 est
2224 1931 2676 1995 absurdarum

341 2050 410 2113 de
475 2050 639 2116 Iove
709 2051 1132 2133 opinionum,
1201 2068 1376 2132 quae
1451 2068 1549 2116 vs.
1617 2052 1745 2117 367
1812 2070 1913 2133 sq.
1976 2053 2235 2119 rustico
2294 2070 2337 2117 a
2400 2054 2677 2119 Socrate

339 2176 492 2237 sunt
537 2175 925 2256 impositae,
972 2174 1196 2240 facere
1245 2175 1686 2239 mentionem.

417 2427 452 2499 ἓ
519 2424 582 2488 3.
677 2422 881 2488 Chori
949 2424 1338 2505 epirrhema
1397 2430 1524 2501 (vs.
1590 2424 1969 2499 575-594)
2031 2427 2103 2487 et
2162 2424 2676 2505 antepirrhema

335 2546 478 2623 (607
489 2548 748 2628 -626),
829 2548 1178 2612 trochaico
1257 2552 1476 2613 metro
1559 2547 1964 2628 conscripta,
2042 2548 2533 2613 festivissimas
2602 2551 2673 2615 in

335 2675 748 2751 spectatores
807 2671 1172 2753 perhibent
1232 2671 1719 2752 incusationeS,
1769 2673 1925 2751 post
1965 2674 2191 2749 poetae
2236 2672 2447 2753 ips-ius
2492 2673 2673 2737 vitu·

333 2795 734 2878 perationes,
817 2794 1172 2878 paululum
1257 2796 1557 2876 acerbaS,
1643 2810 1779 2858 non
1854 2793 2285 2858 mediocriter
2353 2794 2673 2861 ludicras,

335 2919 602 3002 „Palam
671 2920 836 2986 vos’'
897 2958 960 2968 —-
1017 2921 1114 2985 sic
1181 2921 1323 2985 fere
1371 2937 1487 2985 eos
1531 2920 1979 2999 alloquuntur
2028 2918 2261 2984 Nubes
2319 2955 2382 2964 —
2446 2920 2671 3004 „incu-

330 3060 590 3125 samus3
652 3044 925 3110 iniuriis
983 3045 1170 3109 enim
1229 3061 1272 3108 a
1333 3044 1531 3109 vobis
1587 3043 1949 3108 afficimur.
2046 3041 2219 3106 Nam
2282 3043 2447 3107 licet
2508 3062 2670 3126 prae

328 3169 641 3233 omnibus
701 3167 833 3233 diis
889 3172 1162 3232 vestrae
1209 3185 1418 3248 quam
1467 3167 1770 3232 maxime
1816 3167 2161 3248 prosimus
2209 3167 2359 3231 urbi
2408 3184 2668 3247 vosque

327 3291 792 3356 custodiamus
851 3293 1056 3374 ipsos,
1119 3295 1356 3356 tamen
1421 3292 1620 3355 nobis
1681 3290 1849 3354 solis
1893 3307 1981 3354 ex
2026 3289 2309 3354 deorum
2356 3292 2664 3355 omnium

329 3432 606 3480 nurnero
653 3433 874 3495 neque
921 3416 1342 3496 sacrificatiS,
1391 3432 1614 3495 neque
1661 3414 1965 3479 libatis.''
2027 3413 2129 3478 En
2178 3414 2398 3479 denuo
2430 3431 2665 3497 repug-

329 3541 556 3605 nantia
601 3542 786 3605 inter
821 3557 921 3622 ea,
961 3557 1134 3620 quae
1172 3539 1254 3604 de
1295 3540 1608 3605 Nubibus
1645 3537 2003 3603 contendit
2040 3537 2379 3621 SocrateS,
2424 3541 2663 3621 utpote

325 3663 549 3730 divino
618 3665 872 3730 honore
931 3665 1158 3746 dignis
1203 3667 1276 3730 et
1322 3681 1564 3728 revera
1611 3663 1841 3743 cultis„
1888 3664 2101 3742 atque
2147 3679 2246 3744 ea,
2295 3679 2469 3742 quae
2514 3664 2661 3744 ipse

326 3787 580 3854 Chorus
671 3790 1002 3870 queritur.
1117 3789 1242 3854 Est
1321 3788 1520 3854 nobis
1602 3788 2013 3852 documento
2095 3790 2371 3868 poetam
2454 3787 2657 3852 fldem

321 3912 634 3978 habuisse
680 3915 1144 3995 spectatorum
1192 3912 1704 3992 intellegentiae
1754 3910 2313 3993 prudentiaeque,
2360 3915 2442 3975 ut
2486 3911 2659 3976 scili-

321 4040 423 4101 cet
481 4037 835 4102 Socratem
897 4037 1175 4116 quidvis
1221 4036 1596 4116 Strepsiadi
1646 4037 1931 4117 probare
1977 4034 2283 4116 potuisse
2330 4035 2657 4115 perspice-

321 4165 487 4226 rent.
574 4160 811 4240 Pergit
857 4159 1119 4224 Chorus
1163 4160 1554 4242 explanare,
1604 4176 1739 4239 qua
1784 4159 1855 4222 in
1906 4175 1978 4222 re
2024 4157 2297 4222 civitati
2346 4157 2659 4238 prodesse

321 4285 560 4350 soleat:
627 4283 729 4368 „si
790 4284 1132 4364 expeditio
1191 4283 1422 4363 aliqua
1468 4283 1860 4347 decernitur
1906 4283 2121 4366 μηδενὶ
2169 4281 2282 4354 ξὺν
2334 4277 2445 4367 νῷ,
2490 4285 2658 4346 tunc

322 4411 635 4473 tonamus
679 4411 806 4472 aut
851 4408 1199 4472 stillamus
1245 4409 1677 4492 (ψακάζομεν).
1760 4408 1927 4472 Cum
1978 4410 2213 4472 autem
2263 4412 2373 4471 τὸν
2421 4415 2657 4470 θεοῖσιν

317 4535 530 4618 ἐχθρὸν
593 4532 993 4620 βυρσοδέψην
1055 4534 1460 4614 Παφλαγόνα
1522 4534 1883 4613 elegeretis
1944 4535 2311 4616 στρατηγόν,
2356 4533 2656 4596 frontem

319 4659 784 4729 contraximus
859 4657 1548 4740 indignabundaeque
1620 4662 1698 4722 ut
1766 4659 2070 4723 tonitrus
2138 4676 2295 4724 cum
2364 4655 2657 4721 fulmine

319 4787 702 4867 erumperet
747 4783 1162 4848 curavimus.
1213 4785 1406 4849 Luna
1450 4787 1620 4848 tunc
1666 4787 2025 4864 tantopere
2063 4787 2171 4847 est
2202 4781 2653 4862 stomachata,
