3478 5737
1775 588 1902 652 174

666 784 950 848 beatum
1036 782 1547 865 praedicaturos
1628 783 1700 848 et
1783 784 2044 849 amicos
2120 784 2192 847 et
2261 785 2645 867 populares,
2715 785 3016 850 invidiae

662 906 995 971 nimirum
1080 906 1340 989 plenOS,
1426 909 1781 992 praedicit,
1883 908 2048 991 ἡνίκ’
2110 910 2188 973 ἂν
2255 931 2330 973 συ
2393 916 2510 988 (sc,
2574 909 2779 985 filius)
2840 922 3018 995 νικᾷς

664 1030 862 1110 λέγων
935 1033 1046 1104 τὰς
1115 1031 1314 1105 δίκας.
1401 1032 1657 1097 Deinde
1719 1038 1912 1113 grato
1973 1033 2204 1098 animo
2275 1033 2707 1098 carissimum
2777 1033 3014 1115 filium,

666 1172 869 1235 quem
933 1156 1219 1219 minime
1283 1173 1434 1219 esse
1506 1157 1771 1221 sincera
1835 1158 1965 1221 fide
2025 1174 2186 1237 erga
2245 1162 2512 1239 patrem
2577 1162 3010 1221 occaecatum

665 1284 1085 1361 spectatores
1120 1280 1562 1361 suspicantur
1588 1284 1711 1358 (vs.
1741 1282 1918 1363 865),
1944 1286 2107 1346 ante
2133 1282 2364 1345 omnia
2388 1282 2698 1346 instituit
2723 1285 3016 1345 ἑστιᾶσαι.

757 1534 793 1606 ἓ
842 1532 902 1595 3.
998 1529 1169 1594 Cum
1218 1544 1329 1593 τοῦ
1370 1530 1814 1618 ἀκαταβλήτου
1856 1530 2046 1611 λόγου
2087 1532 2378 1596 scientia
2415 1547 2697 1612 prorsus
2728 1530 3014 1595 instruc-

666 1656 817 1718 tum
888 1656 1089 1736 putet
1160 1654 1379 1718 filium
1449 1660 1579 1731 (vs,
1656 1656 1823 1717 1228
1895 1658 2021 1733 sq.)
2097 1692 2158 1697 -—
2231 1653 2559 1732 magister
2623 1652 3015 1733 enim-ipse

666 1778 1040 1841 affirmavit
1101 1787 1225 1859 (vs.
1292 1779 1507 1858 1150),
1558 1778 1876 1858 filiusque
1925 1779 2061 1843 iam
2109 1778 2428 1859 praebuit
2477 1776 2652 1858 patri
2700 1776 3015 1840 eruditio-

669 1902 779 1965 nis
839 1901 1216 1984 specimen!
1284 1940 1365 1948 ·——
1414 1920 1711 1983 cumque
1759 1921 1832 1968 se
1877 1902 2104 1985 ipsum
2153 1905 2496 1966 armatum
2549 1902 2779 1965 credat
2827 1904 3019 1982 pater

666 2024 1007 2107 sapientia
1090 2026 1322 2107 aliqua
1404 2027 1586 2091 haud
1656 2026 2086 2108 aspernanda
2155 2026 2258 2106 (de
2328 2026 2512 2107 Iove,
2584 2025 2668 2089 de
2741 2025 3020 2090 vocibus

559 2226 561 2228 ,
668 2149 1088 2231 ἀλεκτρύαινα
1157 2154 1228 2215 et
1298 2152 1631 2234 κάρδοπος,
1703 2153 1786 2217 (16
1856 2151 2198 2231 nubibus),
2262 2150 2539 2214 omnino
2601 2166 2884 2213 securus
2944 2145 3022 2231 τῇ

667 2274 775 2362 ἕνῃ
840 2302 899 2339 τε
962 2280 1066 2339 καὶ
1132 2279 1260 2359 νέᾳ,
1323 2278 1439 2358 qui
1496 2278 1645 2341 dies
1692 2277 1827 2341 iam
1878 2276 2092 2356 adest,
2141 2272 2594 2339 creditoribus
2642 2272 2898 2336 PAs1As
2946 2277 3018 2336 et

672 2400 1001 2465 AMYmAn
1063 2401 1384 2465 resistere
1445 2419 1645 2483 posse
1706 2401 1837 2465 sibi
1901 2399 2177 2463 videtur
2239 2398 2685 2477 Strepsiades.
2777 2396 3022 2462 Poetae

671 2524 1033 2589 consilium
1086 2541 1219 2589 non
1269 2500 1481 2591 fuisse
1530 2528 1610 2590 ut
1650 2524 2146 2607 perstringeret
2178 2523 2616 2604 philosophos
2647 2538 3020 2603 eorumque

672 2647 925 2730 studia,
973 2649 1361 2714 luculenter
1408 2650 1624 2713 etiam
1670 2651 1956 2731 apparet
2002 2664 2089 2711 ex
2138 2663 2239 2728 66,
2289 2647 2464 2726 quod
2513 2648 2670 2728 post
2717 2644 2838 2709 filii
2881 2663 3020 2727 spe-

673 2772 898 2836 cimen
945 2772 1353 2837 eruditionis
1400 2772 1864 2853 Strepsiadem
1909 2772 2126 2852 ipsius
2165 2770 2335 2835 sorti
2377 2770 2756 2834 committit
2779 2786 3020 2851 neque,

675 2898 755 2960 ut
817 2900 1322 2978 exspectamuS,
1390 2896 1609 2961 filium
1656 2897 1836 2978 patri
1885 2897 2053 2960 facit
2098 2897 2341 2960 contra
2385 2894 2760 2958 creditores
2806 2896 3020 2975 opitu·

672 3020 952 3083 lantem.
1022 3020 1388 3085 Praeterea
1446 3039 1589 3084 rem
1638 3021 1735 3084 sic
1782 3019 2211 3085 instituendo
2261 3021 2463 3100 poeta
2509 3019 2748 3082 rustici
2797 3019 3019 3082 condi-

672 3143 903 3208 ciones
973 3143 1191 3224 magis
1257 3143 1809 3209 accommodatas
1875 3143 2039 3208 fecit
2107 3143 2656 3224 oppositionibus
2724 3142 3023 3206 comicis.

676 3267 950 3332 Sciebat
1011 3267 1193 3332 enirn
1258 3285 1469 3333 cavea
1532 3269 1999 3349 Strepsiadem
2061 3267 2476 3346 aequefere
2525 3282 2674 3330 esse
2722 3281 2835 3330 τοῦ
2881 3266 3022 3329 ἀδι-

674 3395 959 3456 κωτάτου
1022 3391 1214 3471 λόγου
1277 3395 1635 3474 expertem
1697 3395 1908 3470 atque
1971 3390 2243 3455 fabulae
2305 3389 2524 3471 initi0,
2595 3390 2734 3454 iam
2781 3394 3019 3454 autem

676 3517 914 3580 vident
980 3533 1139 3581 eum
1208 3516 1579 3581 admodum
1650 3519 2051 3595 arroganter
2118 3515 2199 3578 de
2269 3531 2341 3578 se
2412 3514 2689 3596 sentire,
2756 3513 3022 3593 sibique

676 3643 895 3708 videri
932 3646 1078 3706 tam
1118 3642 1486 3723 eruditum,
1527 3646 1806 3720 tamque
1846 3639 2167 3706 callidum
2209 3639 2291 3704 ad
2327 3639 2626 3721 fraudes,
2663 3643 2740 3703 ut
2771 3657 2844 3703 se
2875 3640 3024 3703 sine

682 3767 818 3832 ullo
864 3766 1122 3831 auxilio
1171 3765 1368 3830 facile
1414 3765 1871 3830 creditoribus
1915 3769 2077 3829 ante
2124 3781 2402 3830 causam
2449 3764 2668 3844 ipsam
2702 3764 3024 3828 resistere

680 3907 877 3973 posse
942 3890 1340 3955 arbitretur.
1429 3889 1705 3954 Comica
1778 3889 1990 3970 igitur
2065 3889 2202 3953 iam
2273 3890 2380 3952 est
2442 3887 2777 3969 oppositio
2840 3889 3022 3952 inter

680 4015 918 4080 rustici
976 4015 1439 4094 arrogantiam
1504 4016 1575 4078 et
1635 4031 1868 4078 veram
1935 4013 2155 4094 ipsius
2201 4012 2618 4078 condici0nis
2678 4015 3022 4092 naturam,

680 4141 865 4203 inter
924 4139 1222 4220 speciem
1268 4142 1338 4203 et
1386 4139 1774 4217 veritatem,
1823 4137 2204 4202 cuiusmodi
2254 4136 2590 4218 oppositio
2637 4153 2757 4215 per
2803 4139 3022 4200 totam

681 4262 822 4326 fere
890 4261 1215 4341 fabulam,
1288 4264 1367 4324 ut
1426 4261 1749 4342 vidimus,
1809 4261 2032 4324 omnis
2092 4259 2360 4340 generis
2417 4260 2823 4324 facetiarum
2873 4261 3027 4324 fons

681 4389 788 4450 est
836 4385 1163 4450 habenda.
1214 4385 1497 4449 Accedit
1542 4385 1611 4449 in
1662 4387 1848 4450 hisce
1897 4385 2164 4448 scaenis
2200 4384 2335 4448 alia
2372 4383 2708 4464 oppositio
2746 4385 3023 4464 comica,

682 4510 999 4574 videlicet
1060 4510 1399 4574 rusticum
1455 4509 1770 4590 iniquum
1835 4510 2016 4573 inter
2077 4513 2148 4574 et
2211 4509 2599 4590 creditores,
2663 4509 2778 4587 qui
2842 4509 3026 4572 iusta

682 4634 1110 4715 postulantes
1156 4635 1515 4698 inferiores
1561 4633 1940 4716 discedunt,
1989 4633 2322 4697 debitoris
2366 4634 2690 4698 audaciae
2738 4632 3026 4697 insolen-

682 4759 973 4841 tiasque,
1038 4760 1285 4838 quibus
1345 4759 1586 4823 rustici
1648 4763 2181 4840 compensantur
2243 4758 2604 4822 inscientia
2655 4757 3024 4821 stoliditas-
