3478 5737
1507 578 1628 643 145

383 776 930 857 simulatumque
1008 793 1168 857 erga
1231 776 1777 857 Respirationem
1843 773 2065 839 Chaos
2132 776 2313 841 Aera
2372 776 2587 841 animi
2636 778 2729 859 pii

387 918 671 965 sensum
718 900 897 979 (vide
944 899 1130 965 Part.
1177 900 1262 981 II,
1312 916 1365 963 c.
1412 900 1464 980 I,
1513 916 1578 979 p.
1630 899 1752 978 723
1800 901 1873 963 et
1919 916 1982 978 p.
2036 898 2163 963 116
2210 902 2492 975 notam).

479 1022 795 1089 Nondum
888 1024 970 1087 de
1060 1024 1500 1089 institutione
1593 1040 1718 1087 sua
1799 1022 2169 1103 desperans
2244 1024 2732 1104 negotiumque

387 1148 675 1212 minime
757 1147 1358 1211 intermittendum
1443 1163 1596 1212 esse
1677 1150 1891 1227 ratuS,
1976 1146 2145 1210 dicit
2219 1146 2537 1211 Socrates
2612 1150 2735 1223 (νε.

384 1272 511 1335 631
565 1240 780 1354 sqq.):

1744 1393 1912 1476 ὅμως
1960 1421 2027 1475 γε
2072 1400 2197 1477 μὴν

831 1524 1024 1585 αὐτὸν
1070 1520 1244 1583 καλῶ
1289 1520 1519 1602 θύραζε
1568 1520 1734 1603 δευρὶ
1786 1526 1939 1605 πρὸς
1989 1525 2060 1584 τὸ
2110 1534 2259 1603 φῶς.

477 1646 582 1709 Ad
647 1645 1136 1711 meditaculum
1203 1662 1575 1710 conversus
1637 1649 1843 1711 vocat
1890 1646 2353 1727 Strepsiadem
2404 1648 2733 1727 rogatque

389 1774 467 1833 ut
532 1770 894 1848 grabatum
966 1787 1198 1835 secum
1266 1771 1529 1835 afferat.
1621 1771 1968 1837 Audacter
2035 1788 2114 1837 ac
2182 1771 2392 1835 libere
2460 1788 2545 1835 ex
2607 1786 2734 1835 sua

383 1893 612 1958 indole
660 1894 1007 1959 exclamat
1052 1895 1356 1960 rusticus
1401 1894 1727 1975 ignavus:

813 2016 953 2081 ἀλλ’
1003 2023 1114 2084 οὐκ
1161 2021 1309 2083 ἐῶσι’
1355 2022 1421 2101 μ’
1469 2020 1799 2099 ἐξενεγκεῖν
1848 2025 1907 2085 οἱ
1954 2024 2169 2104 κόρεις.

475 2141 600 2205 Est
681 2141 831 2223 ipsa
912 2144 1412 2209 observationis
1490 2146 1901 2226 absurditas,
1972 2162 2145 2225 quae
2215 2144 2438 2209 iocum
2508 2142 2733 2207 reddit

384 2265 780 2330 innocuum.
864 2267 1190 2331 Rusticus
1258 2269 1441 2333 enim
1514 2269 1839 2349 quidquid
1906 2270 1977 2333 in
2044 2270 2329 2333 buccam
2393 2268 2587 2331 venit
2650 2302 2729 2311 —-

311 2452 320 2459 ,
379 2391 456 2451 et
515 2390 728 2454 nimis
787 2390 1074 2455 audacia
1133 2394 1205 2455 et
1265 2408 1546 2475 prorsus
1607 2393 1783 2457 salsa
1842 2430 1907 2439 —
1974 2392 2184 2458 libere
2248 2392 2473 2472 eloqui
2534 2391 2730 2455 solet.

381 2512 484 2579 Ne
541 2515 630 2579 ab
692 2530 773 2580 eo
833 2516 1345 2597 exspectaveris
1405 2517 1665 2599 aliquid
1723 2516 2166 2583 urbanitatis.
2254 2516 2601 2582 Eiusmodi
2648 2514 2732 2580 de

377 2640 576 2721 κόρεσι
655 2639 942 2704 facetias
1017 2640 1384 2705 admodum
1461 2640 1803 2723 placuisse
1889 2644 2128 2705 tenero
2217 2640 2504 2723 popello,
2576 2641 2731 2721 quis

377 2779 514 2827 non
562 2762 956 2843 intellegit?
1033 2764 1316 2828 Poetam
1365 2764 1660 2829 libenter
1707 2766 1835 2830 hac
1882 2766 1953 2829 in
2004 2782 2075 2829 re
2123 2781 2371 2830 caveae
2418 2781 2730 2829 summae

381 2887 684 2954 voluisse
743 2887 1132 2970 gratificari,
1195 2905 1282 2952 ex
1331 2905 1411 2953 eo
1457 2893 1761 2970 apparet,
1812 2889 1990 2969 quod
2037 2892 2276 2971 postea
2322 2890 2479 2970 plus
2525 2906 2727 2968 quam

375 3012 670 3093 triginta
730 3028 974 3076 versus
1033 3017 1160 3090 (VS.
1223 3013 1351 3076 694
1413 3013 1602 3090 ·727)
1648 3013 1734 3078 iis
1782 3029 2181 3078 consecrare
2228 3031 2355 3078 sua
2397 3017 2547 3078 arte
2594 3031 2730 3079 non

377 3136 738 3217 indignum
798 3135 1094 3216 putavit.
1167 3136 1703 3220 Aristophanem
1754 3139 2013 3204 talibus
2058 3138 2229 3204 iocis
2274 3139 2459 3204 unice
2502 3137 2729 3204 Socra-

375 3260 550 3324 ticos
605 3259 912 3324 voluisse
973 3260 1452 3343 perstringere,
1519 3263 1688 3327 mihi
1754 3262 2166 3344 persuadere
2229 3279 2363 3327 non
2427 3278 2729 3344 possum.

373 3383 676 3464 Flagitat
759 3383 928 3448 talia
989 3384 1358 3466 plebecula,
1423 3385 1619 3452 cuius
1678 3387 1846 3452 adeo
1908 3387 2215 3453 favorem
2278 3389 2555 3468 captare
2618 3390 2727 3451 est

373 3509 820 3574 comicorum.

466 3633 922 3714 Philosophus
988 3632 1070 3698 ad
1119 3649 1219 3715 ea,
1269 3651 1442 3728 quae
1488 3635 1668 3700 dixit
1716 3635 2145 3717 Strepsiades
2190 3640 2315 3713 (vs,
2365 3636 2542 3718 634),
2592 3652 2724 3701 non

371 3759 768 3840 attendenS,
816 3758 1042 3823 iubet:

777 3884 1014 3955 ἀνύσας
1061 3908 1118 3946 τι
1166 3886 1452 3948 κατάθου
1501 3889 1604 3947 καὶ
1655 3887 1909 3971 πρόσεχε
1956 3891 2065 3951 τὸν
2114 3898 2293 3950 νοῦν.

351 4009 358 4016 ’
465 4007 761 4089 Deponit
823 4006 1123 4076 rusticus
1185 4011 1292 4072 τὸν
1356 4013 1696 4094 ἀσκάντην,
1764 4011 1929 4076 dum
1976 4010 2176 4076 dicit:
2229 4010 2388 4087 ἰδού,
2432 4025 2513 4074 ea
2558 4025 2725 4073 voce

367 4129 770 4210 significans
815 4147 888 4194 se
935 4131 1252 4212 magistri
1300 4131 1636 4197 desiderio
1681 4133 2121 4197 satisfecisse.

465 4383 502 4455 ἓ
549 4381 612 4442 2.
664 4377 770 4442 Ad
821 4381 1230 4460 προπαιδείας
1270 4380 1614 4460 specimen
1654 4385 1782 4456 (vs.
1823 4379 2200 4456 636—692)
2239 4375 2415 4457 quod
2448 4376 2723 4458 attinet,

367 4503 980 4585 persuasissimum
1031 4505 1199 4570 mihi
1248 4506 1462 4569 habeo
1511 4505 1789 4568 inanem
1836 4503 2141 4568 laborem
2186 4500 2382 4582 inire,
2423 4500 2723 4580 quicum-

367 4645 508 4710 que
568 4629 948 4710 disquirere
1009 4633 1314 4712 conetur,
1379 4647 1545 4694 num
1608 4631 1815 4709 poeta
1875 4625 2380 4710 impugnandae
2436 4623 2722 4707 philoso-

369 4754 575 4836 phiae
635 4771 846 4819 causa
908 4753 1256 4819 Socratem
1323 4756 1548 4818 certas
1607 4751 2005 4834 disciplinas
2050 4751 2413 4816 docentem
2460 4750 2721 4830 fecerit,

2585 4871 2652 4925 10
