3478 5737
1543 588 1662 651 131

437 784 678 865 culive,
751 786 810 848 si
869 785 1078 848 aliam
1127 802 1272 849 rem
1319 785 1518 849 iuxta
1563 783 1775 847 aliam
1820 783 2151 865 posueriS,
2203 788 2279 848 ut
2324 785 2387 847 h.
2435 784 2477 848 l.
2526 785 2783 866 fulmen

439 908 634 971 iuxta
678 912 976 973 eventum
1021 909 1447 989 cummium,
1493 907 1764 971 efficere
1814 905 1958 970 vim
2004 906 2354 971 comicam.

525 1158 558 1228 ἓ
599 1155 698 1216 14.
735 1152 1134 1233 Sequuntur
1176 1151 1379 1217 Chori
1403 1152 1486 1215 ad
1516 1151 1984 1234 Strepsiadem
2010 1153 2333 1219 allocutio
2358 1156 2779 1237 (412---419)‚

438 1278 516 1341 de
553 1294 690 1357 qua
721 1278 859 1342 iam
897 1278 1214 1357 vidimuS,
1251 1279 1323 1341 et
1355 1276 1660 1341 Socratis
1691 1276 2082 1341 adhortatio
2122 1280 2275 1357 (423
2316 1284 2459 1360 sq.)‚
2508 1281 2585 1343 ut
2608 1279 2780 1343 nihil

438 1400 618 1463 aliud
681 1417 802 1481 pro
863 1400 994 1465 diis
1056 1401 1306 1465 habeat
1365 1398 1500 1463 nisi
1559 1398 1676 1463 illa
1723 1398 1881 1481 ὅπερ
1928 1404 2119 1482 ἡμεῖς,
2174 1400 2383 1465 Chaos
2428 1400 2777 1480 nimirum,

437 1524 671 1605 Nubes,
743 1524 1099 1605 Linquam.
1197 1521 1420 1588 Facile
1483 1524 1919 1589 concedimus
1981 1524 2051 1588 in
2119 1526 2243 1588 hac
2302 1524 2781 1589 adhortatione

437 1650 733 1714 multum
793 1648 1190 1712 offensionis
1235 1648 1480 1728 inesse,
1529 1647 1587 1711 si
1635 1648 1844 1711 nimis
1890 1649 2069 1713 serio
2113 1648 2511 1729 accipiniuS‚
2561 1664 2782 1727 neque

439 1773 880 1838 meminimus
926 1774 1262 1837 rusticum
1311 1788 1398 1836 ex
1447 1772 1718 1837 fabulae
1765 1774 2115 1855 proposito
2154 1790 2436 1838 suorum
2470 1790 2779 1837 errorum

438 1897 802 1962 ludibrium
868 1898 1015 1961 fieri
1080 1899 1412 1977 oportere.
1498 1894 1568 1960 Si
1633 1896 1714 1959 ad
1784 1896 1988 1961 hocce
2049 1900 2289 1977 poetae
2352 1896 2777 1977 propositum

437 2021 758 2085 nolumus
817 2021 1199 2106 attendere,
1259 2019 1711 2085 statuendum
1773 2026 1881 2083 est
1941 2024 2235 2101 poetam,
2294 2020 2410 2099 qui
2458 2020 2603 2100 ipse
2650 2020 2779 2083 vir-

437 2149 666 2211 tutem
732 2145 1279 2224 reipublicaeque
1350 2144 1704 2207 commoda
1767 2144 2116 2208 interdum
2178 2160 2315 2208 non
2374 2160 2781 2225 magnopere

437 2286 676 2334 curare
752 2268 1044 2349 videtur,
1122 2268 1562 2349 philosophos
1623 2270 1768 2331 tam
1830 2266 2089 2331 stultos
2149 2268 2429 2331 duxisse
2496 2267 2783 2331 virtutis

437 2395 823 2475 magistros„
889 2398 967 2456 ut
1027 2393 1373 2456 nescirent
1431 2392 1763 2455 doctrinis
1822 2390 2337 2455 absurdissimis
2398 2392 2781 2457 necessario

433 2517 742 2582 subverti
811 2516 1124 2581 civitatis
1189 2516 1518 2581 ordinem.
1617 2514 1688 2579 id
1762 2515 2136 2579 verisimile
2205 2532 2340 2580 non
2408 2532 2579 2597 esse,
2641 2516 2780 2581 iam

433 2658 638 2723 saepe
685 2643 969 2722 probare
1018 2656 1260 2704 sumus
1306 2639 1555 2703 conati.

527 2764 882 2829 Promittit
946 2763 1376 2843 Strepsiades
1437 2779 1509 2825 se
1569 2762 1742 2827 alios
1788 2761 1950 2827 deos
1996 2778 2081 2825 ne
2128 2762 2587 2826 allocuturum
2638 2763 2779 2843 qui·

434 2891 588 2954 dem
672 2907 843 2969 esse,
923 2888 1197 2952 etiamsi
1267 2887 1512 2952 obvius
1582 2887 1669 2950 iis
1736 2887 1876 2951 fiat.
1970 2887 2167 2952 Nunc
2235 2887 2513 2952 tandem
2587 2894 2780 2969 rogat

437 3015 719 3096 ChoruS‚
783 3013 945 3093 quid
1008 3012 1140 3077 sibi
1187 3011 1356 3076 velit
1405 3013 1726 3076 rusticus.
1782 3012 1875 3095 „O
1923 3012 2303 3094 dominae,’'
2350 3012 2582 3091 inquit
2628 3031 2776 3094 sup·

435 3139 594 3220 plex
657 3140 910 3216 noster,
973 3135 1258 3201 fiduciae
1319 3136 1582 3216 plenus
1655 3135 2051 3218 „paululum
2100 3134 2375 3214 quidem
2422 3141 2550 3218 est,
2600 3136 2778 3217 quod

433 3281 476 3327 a
522 3263 718 3326 vobis
763 3265 952 3341 peto:
1003 3260 1331 3324 facultate
1379 3259 1643 3324 dicendi
1692 3260 2013 3323 omnibus
2060 3260 2341 3324 Graecis
2387 3260 2584 3340 cupio
2632 3278 2779 3325 cen·

435 3391 584 3450 turn
635 3385 878 3450 stadiis
923 3383 1392 3448 antecedere.'’
1418 3383 1469 3458 1)

527 3511 905 3575 Asseverat
953 3508 1216 3572 Chorus
1261 3513 1388 3584 (vs.
1438 3507 1622 3582 431):

524 3765 587 3827 ἓν
639 3759 724 3849 τῷ
773 3761 950 3843 δήμῳ
999 3763 1254 3840 γνώμας
1299 3757 1574 3839 μεγάλας
1622 3762 1852 3840 νικήσει
1900 3772 2011 3822 σοῦ
2060 3757 2248 3822 πλέον
2299 3757 2611 3834 οὐδείς-..2)

529 3887 944 3952 Accuratius
990 3885 1150 3965 quid
1199 3884 1557 3966 desideret,
1597 3885 1959 3965 profitetur
1990 3886 2256 3948 noster:
2296 3883 2473 3967 „noli
2508 3883 2783 3947 credere

437 4029 548 4076 me
613 4011 789 4076 Velle
836 4010 907 4073 in
955 4008 1244 4073 ecclesia
1292 4008 1488 4088 λέγειν
1539 4012 1795 4088 γνώμας
1842 4007 2134 4087 μεγάλας.
2210 4007 2381 4090 Quid
2432 4007 2601 4071 mihi
2648 4006 2785 4070 isba

436 4152 594 4198 Cum
667 4133 772 4197 re!
871 4131 1083 4211 Cupio
1154 4133 1396 4195 contra
1459 4130 1548 4192 36⁹
1611 4135 1863 4216 ἐμαυτῷ
1926 4133 2407 4214 στρεψοδικῆσαι
2471 4135 2574 4192 καὶ
2638 4134 2781 4201 τοὺς

521 4383 570 4454 l)
645 4377 938 4437 Eiusdem
1011 4377 1252 4452 generis
1317 4379 1681 4455 comparatio
1739 4379 1999 4436 occurrit
2062 4379 2121 4434 iu
2180 4377 2497 4453 Eupolidis
2562 4377 2783 4452 Δήμοις

436 4478 641 4554 (schol.
674 4477 864 4534 Arist.
902 4473 1162 4531 Acharn.
1200 4474 1358 4549 530),
1395 4476 1456 4532 in
1479 4476 1712 4534 Platon.
1737 4475 2073 4550 Protagora
2096 4477 2173 4550 (p.
2198 4475 2315 4531 325»
2339 4475 2434 4548 Β),
2463 4474 2595 4530 aliis
2619 4473 2780 4529 locis.

518 4577 570 4650 2)
638 4575 738 4632 Ita
801 4571 1089 4630 KockiuS.
1155 4571 1260 4628 R:
1327 4573 1508 4637 οὐδεὶς
1572 4575 1797 4647 νικήσει
1862 4577 2039 4629 πλέον
2106 4571 2136 4646 ἢ
2205 4574 2298 4627 σύ.
2384 4570 2785 4628 Leeuweuius

435 4678 718 4752 μεγάλας
793 4691 828 4729 e
899 4689 986 4728 vs,
1065 4669 1340 4741 sequenti
1418 4669 1729 4746 irrepsisse
1793 4667 2137 4744 arbitratur,
2204 4669 2474 4744 legitque
2537 4671 2783 4744 γνώμας

438 4774 622 4836 οὐδεις
663 4772 890 4843 νικήσει
931 4771 1202 4828 πλείονας
1245 4763 1276 4837 ἢ
1325 4769 1418 4822 σύ.
