<?xml version="1.0" encoding="UTF-8"?>
<!DOCTYPE html PUBLIC "-//W3C//DTD XHTML 1.0 Transitional//EN"
    "http://www.w3.org/TR/xhtml1/DTD/xhtml1-transitional.dtd">
<html xmlns="http://www.w3.org/1999/xhtml" xml:lang="en" lang="en">
 <head>
  <title>
</title>
<meta http-equiv="Content-Type" content="text/html;charset=utf-8" />
  <meta name='ocr-system' content='tesseract 3.04.00' />
  <meta name='ocr-capabilities' content='ocr_page ocr_carea ocr_par ocr_line ocrx_word'/>
</head>
<body>
  <div class='ocr_page' id='page_1' title='image "./dearistophanisi00heldgoog_0079.png"; bbox 0 0 3478 5737; ppageno 0'>
   <div class='ocr_carea' id='block_1_1' title="bbox 1515 589 1599 651">
    <p class='ocr_par' dir='ltr' id='par_1_1' title="bbox 1515 589 1599 651">
     <span class='ocr_line' id='line_1_1' title="bbox 1515 589 1599 651; baseline 0 0"><span class='ocrx_word' id='word_1_1' title='bbox 1515 589 1599 651; x_wconf 84' lang='lat'>63</span> 
     </span>
    </p>
   </div>
   <div class='ocr_carea' id='block_1_2' title="bbox 390 782 2747 3109">
    <p class='ocr_par' dir='ltr' id='par_1_2' title="bbox 390 782 2740 1237">
     <span class='ocr_line' id='line_1_2' title="bbox 391 782 2738 869; baseline 0.001 -21"><span class='ocrx_word' id='word_1_2' title='bbox 391 784 892 866; x_wconf 85' lang='lat' dir='ltr'>expetebatur”</span> <span class='ocrx_word' id='word_1_3' title='bbox 946 820 1025 828; x_wconf 95' lang='lat'>—</span> <span class='ocrx_word' id='word_1_4' title='bbox 1074 782 1293 847; x_wconf 82' lang='lat' dir='ltr'>refero</span> <span class='ocrx_word' id='word_1_5' title='bbox 1360 782 1577 863; x_wconf 88' lang='lat' dir='ltr'>ipsius</span> <span class='ocrx_word' id='word_1_6' title='bbox 1624 782 1755 847; x_wconf 84' lang='lat' dir='ltr'>viri</span> <span class='ocrx_word' id='word_1_7' title='bbox 1804 783 1884 848; x_wconf 93' lang='lat' dir='ltr'>cl.</span> <span class='ocrx_word' id='word_1_8' title='bbox 1937 787 2144 849; x_wconf 81' lang='lat' dir='ltr'>verba</span> <span class='ocrx_word' id='word_1_9' title='bbox 2203 821 2264 830; x_wconf 93' lang='lat'><strong>—</strong></span> <span class='ocrx_word' id='word_1_10' title='bbox 2331 786 2516 869; x_wconf 89' lang='lat' dir='ltr'>„sola</span> <span class='ocrx_word' id='word_1_11' title='bbox 2563 786 2738 867; x_wconf 86' lang='lat' dir='ltr'>lege-</span> 
     </span>
     <span class='ocr_line' id='line_1_3' title="bbox 392 906 2740 989; baseline 0.001 -16"><span class='ocrx_word' id='word_1_12' title='bbox 392 910 615 988; x_wconf 73' lang='lat' dir='ltr'>batur,</span> <span class='ocrx_word' id='word_1_13' title='bbox 674 908 821 973; x_wconf 89' lang='lat' dir='ltr'>sola</span> <span class='ocrx_word' id='word_1_14' title='bbox 866 907 1159 987; x_wconf 82' lang='lat' dir='ltr'>denique</span> <span class='ocrx_word' id='word_1_15' title='bbox 1206 906 1399 970; x_wconf 84' lang='lat' dir='ltr'>salva</span> <span class='ocrx_word' id='word_1_16' title='bbox 1442 906 1528 970; x_wconf 85' lang='lat' dir='ltr'>ad</span> <span class='ocrx_word' id='word_1_17' title='bbox 1577 923 1705 970; x_wconf 91' lang='lat' dir='ltr'>nos</span> <span class='ocrx_word' id='word_1_18' title='bbox 1751 908 2072 988; x_wconf 87' lang='lat' dir='ltr'>pervenit</span> <span class='ocrx_word' id='word_1_19' title='bbox 2101 912 2382 989; x_wconf 79' lang='lat' dir='ltr'>propter</span> <span class='ocrx_word' id='word_1_20' title='bbox 2427 911 2740 975; x_wconf 75' lang='lat' dir='ltr'><strong><em>eximiam</em></strong></span> 
     </span>
     <span class='ocr_line' id='line_1_4' title="bbox 390 1030 2730 1115; baseline 0.001 -20"><span class='ocrx_word' id='word_1_21' title='bbox 390 1031 1132 1114; x_wconf 68' lang='lat' dir='ltr'>cli-Sputationem&#39;inter</span> <span class='ocrx_word' id='word_1_22' title='bbox 1178 1034 1285 1095; x_wconf 78' lang='grc' dir='ltr'>τὸν</span> <span class='ocrx_word' id='word_1_23' title='bbox 1334 1030 1578 1093; x_wconf 78' lang='grc' dir='ltr'><strong><em>δίκαιον</em></strong></span> <span class='ocrx_word' id='word_1_24' title='bbox 1628 1033 1699 1095; x_wconf 71' lang='lat' dir='ltr'>et</span> <span class='ocrx_word' id='word_1_25' title='bbox 1746 1034 1852 1093; x_wconf 78' lang='grc' dir='ltr'>τὸν</span> <span class='ocrx_word' id='word_1_26' title='bbox 1901 1031 2120 1094; x_wconf 75' lang='grc' dir='ltr'><em>ἄδικον</em></span> <span class='ocrx_word' id='word_1_27' title='bbox 2170 1031 2380 1115; x_wconf 77' lang='grc' dir='ltr'><em>λόγον,</em></span> <span class='ocrx_word' id='word_1_28' title='bbox 2422 1050 2626 1113; x_wconf 84' lang='lat' dir='ltr'>quam</span> <span class='ocrx_word' id='word_1_29' title='bbox 2663 1034 2730 1098; x_wconf 89' lang='lat' dir='ltr'>in</span> 
     </span>
     <span class='ocr_line' id='line_1_5' title="bbox 391 1154 2274 1237; baseline 0.001 -18"><span class='ocrx_word' id='word_1_30' title='bbox 391 1155 739 1237; x_wconf 83' lang='lat' dir='ltr'>prioribus</span> <span class='ocrx_word' id='word_1_31' title='bbox 784 1155 1097 1221; x_wconf 84' lang='lat' dir='ltr'>Nubibus</span> <span class='ocrx_word' id='word_1_32' title='bbox 1142 1155 1433 1220; x_wconf 91' lang='lat' dir='ltr'>lectores</span> <span class='ocrx_word' id='word_1_33' title='bbox 1476 1172 1674 1237; x_wconf 85' lang='lat' dir='ltr'>aegre</span> <span class='ocrx_word' id='word_1_34' title='bbox 1720 1154 2274 1221; x_wconf 85' lang='lat' dir='ltr'>desiderabant.’&#39;</span> 
     </span>
    </p>

    <p class='ocr_par' dir='ltr' id='par_1_3' title="bbox 390 1280 2742 2108">
     <span class='ocr_line' id='line_1_6' title="bbox 480 1280 2737 1363; baseline 0 -18"><span class='ocrx_word' id='word_1_35' title='bbox 480 1280 739 1345; x_wconf 80' lang='lat' dir='ltr'>Deinde</span> <span class='ocrx_word' id='word_1_36' title='bbox 784 1280 1173 1363; x_wconf 88' lang='lat' dir='ltr'>suspicatur</span> <span class='ocrx_word' id='word_1_37' title='bbox 1219 1298 1283 1345; x_wconf 88' lang='lat' dir='ltr'>v.</span> <span class='ocrx_word' id='word_1_38' title='bbox 1331 1280 1413 1344; x_wconf 87' lang='lat' dir='ltr'>cl.</span> <span class='ocrx_word' id='word_1_39' title='bbox 1476 1316 1537 1325; x_wconf 91' lang='lat'>-</span> <span class='ocrx_word' id='word_1_40' title='bbox 1574 1280 1994 1345; x_wconf 87' lang='lat' dir='ltr'>Brentanoni</span> <span class='ocrx_word' id='word_1_41' title='bbox 2021 1280 2074 1357; x_wconf 91' lang='grc'>1)</span> <span class='ocrx_word' id='word_1_42' title='bbox 2117 1281 2505 1346; x_wconf 84' lang='lat' dir='ltr'>assentiens</span> <span class='ocrx_word' id='word_1_43' title='bbox 2545 1318 2603 1328; x_wconf 93' lang='lat'>—-</span> <span class='ocrx_word' id='word_1_44' title='bbox 2667 1282 2737 1345; x_wconf 90' lang='lat' dir='ltr'>in</span> 
     </span>
     <span class='ocr_line' id='line_1_7' title="bbox 392 1404 2738 1495; baseline 0.001 -26"><span class='ocrx_word' id='word_1_45' title='bbox 392 1404 705 1495; x_wconf 61' lang='lat' dir='ltr'>Platonis</span> <span class='ocrx_word' id='word_1_46' title='bbox 742 1404 1075 1485; x_wconf 80' lang='lat' dir='ltr'>Apologia</span> <span class='ocrx_word' id='word_1_47' title='bbox 1115 1407 1358 1471; x_wconf 82' lang='lat' dir='ltr'>verba:</span> <span class='ocrx_word' id='word_1_48' title='bbox 1400 1410 1505 1469; x_wconf 77' lang='grc' dir='ltr'>τὸν</span> <span class='ocrx_word' id='word_1_49' title='bbox 1540 1404 1707 1488; x_wconf 75' lang='grc' dir='ltr'><em>ἥττω</em></span> <span class='ocrx_word' id='word_1_50' title='bbox 1738 1404 1927 1485; x_wconf 79' lang='grc' dir='ltr'><em>λόγον</em></span> <span class='ocrx_word' id='word_1_51' title='bbox 1963 1408 2218 1489; x_wconf 77' lang='grc' dir='ltr'><em>κρείττω</em></span> <span class='ocrx_word' id='word_1_52' title='bbox 2253 1420 2452 1470; x_wconf 80' lang='grc' dir='ltr'>ποιῶν</span> <span class='ocrx_word' id='word_1_53' title='bbox 2486 1414 2616 1489; x_wconf 85' lang='lat' dir='ltr'>(pp.</span> <span class='ocrx_word' id='word_1_54' title='bbox 2659 1409 2738 1471; x_wconf 88' lang='grc'>18</span> 
     </span>
     <span class='ocr_line' id='line_1_8' title="bbox 393 1529 2738 1613; baseline 0.001 -20"><span class='ocrx_word' id='word_1_55' title='bbox 393 1530 471 1609; x_wconf 84' lang='grc' dir='ltr'>Β,</span> <span class='ocrx_word' id='word_1_56' title='bbox 524 1530 607 1593; x_wconf 91' lang='grc'>19</span> <span class='ocrx_word' id='word_1_57' title='bbox 654 1529 730 1609; x_wconf 79' lang='grc' dir='ltr'>Β,</span> <span class='ocrx_word' id='word_1_58' title='bbox 780 1531 863 1593; x_wconf 84' lang='grc'>23</span> <span class='ocrx_word' id='word_1_59' title='bbox 913 1529 991 1605; x_wconf 86' lang='lat' dir='ltr'>C)</span> <span class='ocrx_word' id='word_1_60' title='bbox 1036 1534 1144 1595; x_wconf 90' lang='lat' dir='ltr'>ter</span> <span class='ocrx_word' id='word_1_61' title='bbox 1192 1547 1547 1613; x_wconf 82' lang='lat' dir='ltr'>perperam</span> <span class='ocrx_word' id='word_1_62' title='bbox 1594 1531 2018 1613; x_wconf 83' lang='lat' dir='ltr'>interpolata</span> <span class='ocrx_word' id='word_1_63' title='bbox 2063 1548 2232 1607; x_wconf 90' lang='lat' dir='ltr'>esse,</span> <span class='ocrx_word' id='word_1_64' title='bbox 2270 1532 2431 1611; x_wconf 92' lang='lat' dir='ltr'>quia</span> <span class='ocrx_word' id='word_1_65' title='bbox 2467 1532 2738 1597; x_wconf 91' lang='lat' dir='ltr'>Platoni</span> 
     </span>
     <span class='ocr_line' id='line_1_9' title="bbox 394 1652 2740 1737; baseline 0.002 -20"><span class='ocrx_word' id='word_1_66' title='bbox 394 1652 831 1733; x_wconf 85' lang='lat' dir='ltr'>Socratisque</span> <span class='ocrx_word' id='word_1_67' title='bbox 894 1654 1235 1719; x_wconf 88' lang='lat' dir='ltr'>iudicibus</span> <span class='ocrx_word' id='word_1_68' title='bbox 1295 1658 1496 1719; x_wconf 78' lang='lat' dir='ltr'>notae</span> <span class='ocrx_word' id='word_1_69' title='bbox 1554 1658 1834 1720; x_wconf 89' lang='lat' dir='ltr'>tantum</span> <span class='ocrx_word' id='word_1_70' title='bbox 1882 1656 2141 1721; x_wconf 86' lang='lat' dir='ltr'>fuerint</span> <span class='ocrx_word' id='word_1_71' title='bbox 2188 1656 2423 1721; x_wconf 83' lang='lat' dir='ltr'>Nubes</span> <span class='ocrx_word' id='word_1_72' title='bbox 2459 1656 2740 1737; x_wconf 79' lang='lat' dir='ltr'>priores,</span> 
     </span>
     <span class='ocr_line' id='line_1_10' title="bbox 390 1779 2740 1865; baseline 0.001 -23"><span class='ocrx_word' id='word_1_73' title='bbox 390 1782 747 1843; x_wconf 87' lang='lat' dir='ltr'>oratorum</span> <span class='ocrx_word' id='word_1_74' title='bbox 798 1780 1177 1843; x_wconf 75' lang='lat' dir='ltr'>certamine</span> <span class='ocrx_word' id='word_1_75' title='bbox 1202 1779 1255 1855; x_wconf 78' lang='grc'>2)</span> <span class='ocrx_word' id='word_1_76' title='bbox 1300 1785 1632 1847; x_wconf 75' lang='lat' dir='ltr'>carentes,</span> <span class='ocrx_word' id='word_1_77' title='bbox 1698 1781 2084 1865; x_wconf 83' lang='lat' dir='ltr'>„Quomodo</span> <span class='ocrx_word' id='word_1_78' title='bbox 2132 1782 2361 1845; x_wconf 88' lang='lat' dir='ltr'>enim”</span> <span class='ocrx_word' id='word_1_79' title='bbox 2413 1816 2494 1825; x_wconf 91' lang='lat'>—</span> <span class='ocrx_word' id='word_1_80' title='bbox 2545 1785 2740 1860; x_wconf 87' lang='lat' dir='ltr'>rogat</span> 
     </span>
     <span class='ocr_line' id='line_1_11' title="bbox 394 1902 2742 1987; baseline 0.001 -22"><span class='ocrx_word' id='word_1_81' title='bbox 394 1902 707 1967; x_wconf 87' lang='lat' dir='ltr'>Naberus</span> <span class='ocrx_word' id='word_1_82' title='bbox 744 1938 805 1948; x_wconf 90' lang='lat'>——</span> <span class='ocrx_word' id='word_1_83' title='bbox 861 1904 1223 1987; x_wconf 78' lang='lat' dir='ltr'>„poterant</span> <span class='ocrx_word' id='word_1_84' title='bbox 1268 1902 1665 1968; x_wconf 78' lang='lat' dir='ltr'>meminisse</span> <span class='ocrx_word' id='word_1_85' title='bbox 1714 1904 1776 1969; x_wconf 91' lang='lat' dir='ltr'>N</span> <span class='ocrx_word' id='word_1_86' title='bbox 1783 1905 2018 1969; x_wconf 83' lang='lat' dir='ltr'>ubium</span> <span class='ocrx_word' id='word_1_87' title='bbox 2059 1905 2520 1985; x_wconf 67' lang='lat' dir='ltr'>posteriorem,</span> <span class='ocrx_word' id='word_1_88' title='bbox 2568 1921 2742 1983; x_wconf 86' lang='lat' dir='ltr'>quae</span> 
     </span>
     <span class='ocr_line' id='line_1_12' title="bbox 395 2026 2741 2108; baseline 0 -17"><span class='ocrx_word' id='word_1_89' title='bbox 395 2026 639 2091; x_wconf 88' lang='lat' dir='ltr'>multis</span> <span class='ocrx_word' id='word_1_90' title='bbox 681 2026 884 2091; x_wconf 87' lang='lat' dir='ltr'>annis</span> <span class='ocrx_word' id='word_1_91' title='bbox 928 2030 1092 2091; x_wconf 85' lang='lat' dir='ltr'>ante</span> <span class='ocrx_word' id='word_1_92' title='bbox 1136 2028 1331 2093; x_wconf 78' lang='lat' dir='ltr'>semel</span> <span class='ocrx_word' id='word_1_93' title='bbox 1373 2030 1567 2092; x_wconf 84' lang='lat' dir='ltr'>actae</span> <span class='ocrx_word' id='word_1_94' title='bbox 1612 2028 1909 2092; x_wconf 84' lang='lat' dir='ltr'>erant?&#39;’</span> <span class='ocrx_word' id='word_1_95' title='bbox 1958 2028 2231 2107; x_wconf 85' lang='lat' dir='ltr'>(Mnem.</span> <span class='ocrx_word' id='word_1_96' title='bbox 2278 2028 2446 2090; x_wconf 80' lang='lat'>1883</span> <span class='ocrx_word' id='word_1_97' title='bbox 2474 2045 2536 2108; x_wconf 88' lang='lat' dir='ltr'>p.</span> <span class='ocrx_word' id='word_1_98' title='bbox 2565 2028 2741 2103; x_wconf 89' lang='lat'>310).</span> 
     </span>
    </p>

    <p class='ocr_par' dir='ltr' id='par_1_4' title="bbox 394 2150 2746 2605">
     <span class='ocr_line' id='line_1_13' title="bbox 484 2150 2746 2231; baseline 0 -16"><span class='ocrx_word' id='word_1_99' title='bbox 484 2150 653 2215; x_wconf 90' lang='lat' dir='ltr'>Ecce</span> <span class='ocrx_word' id='word_1_100' title='bbox 700 2150 895 2215; x_wconf 85' lang='lat' dir='ltr'>varia</span> <span class='ocrx_word' id='word_1_101' title='bbox 939 2150 1191 2216; x_wconf 90' lang='lat' dir='ltr'>iudicia</span> <span class='ocrx_word' id='word_1_102' title='bbox 1236 2154 1309 2215; x_wconf 90' lang='lat' dir='ltr'>et</span> <span class='ocrx_word' id='word_1_103' title='bbox 1356 2169 1529 2231; x_wconf 84' lang='lat' dir='ltr'>quae</span> <span class='ocrx_word' id='word_1_104' title='bbox 1574 2152 1882 2216; x_wconf 87' lang='lat' dir='ltr'>multum</span> <span class='ocrx_word' id='word_1_105' title='bbox 1928 2152 2111 2215; x_wconf 87' lang='lat' dir='ltr'>inter</span> <span class='ocrx_word' id='word_1_106' title='bbox 2143 2168 2216 2215; x_wconf 90' lang='lat' dir='ltr'>se</span> <span class='ocrx_word' id='word_1_107' title='bbox 2249 2152 2534 2215; x_wconf 87' lang='lat' dir='ltr'>distent.</span> <span class='ocrx_word' id='word_1_108' title='bbox 2587 2152 2746 2217; x_wconf 88' lang='lat' dir='ltr'>Una</span> 
     </span>
     <span class='ocr_line' id='line_1_14' title="bbox 395 2274 2744 2357; baseline 0 -18"><span class='ocrx_word' id='word_1_109' title='bbox 395 2276 467 2339; x_wconf 89' lang='lat' dir='ltr'>in</span> <span class='ocrx_word' id='word_1_110' title='bbox 518 2292 589 2338; x_wconf 90' lang='lat' dir='ltr'>re</span> <span class='ocrx_word' id='word_1_111' title='bbox 634 2278 868 2339; x_wconf 87' lang='lat' dir='ltr'>tamen</span> <span class='ocrx_word' id='word_1_112' title='bbox 916 2274 1222 2357; x_wconf 88' lang='lat' dir='ltr'>plerique</span> <span class='ocrx_word' id='word_1_113' title='bbox 1270 2276 1400 2339; x_wconf 87' lang='lat' dir='ltr'>viri</span> <span class='ocrx_word' id='word_1_114' title='bbox 1436 2276 1614 2340; x_wconf 86' lang='lat' dir='ltr'>docti</span> <span class='ocrx_word' id='word_1_115' title='bbox 1659 2312 1720 2320; x_wconf 91' lang='lat'>—</span> <span class='ocrx_word' id='word_1_116' title='bbox 1776 2275 2232 2341; x_wconf 82' lang='lat' dir='ltr'>Heidhuesius</span> <span class='ocrx_word' id='word_1_117' title='bbox 2271 2276 2744 2340; x_wconf 85' lang='lat' dir='ltr'>Leeuwenius-</span> 
     </span>
     <span class='ocr_line' id='line_1_15' title="bbox 396 2399 2745 2480; baseline -0 -16"><span class='ocrx_word' id='word_1_118' title='bbox 396 2417 531 2479; x_wconf 89' lang='lat' dir='ltr'>que</span> <span class='ocrx_word' id='word_1_119' title='bbox 569 2400 1013 2480; x_wconf 84' lang='lat' dir='ltr'>excipiuntur</span> <span class='ocrx_word' id='word_1_120' title='bbox 1056 2436 1129 2445; x_wconf 88' lang='lat'><em>—</em></span> <span class='ocrx_word' id='word_1_121' title='bbox 1168 2400 1615 2464; x_wconf 90' lang='lat' dir='ltr'>consentiunt</span> <span class='ocrx_word' id='word_1_122' title='bbox 1653 2404 2005 2465; x_wconf 83' lang='lat' dir='ltr'>certamen</span> <span class='ocrx_word' id='word_1_123' title='bbox 2047 2412 2172 2464; x_wconf 78' lang='grc' dir='ltr'>τῶν</span> <span class='ocrx_word' id='word_1_124' title='bbox 2213 2402 2450 2479; x_wconf 73' lang='grc' dir='ltr'><em>Λόγων</em></span> <span class='ocrx_word' id='word_1_125' title='bbox 2491 2399 2745 2463; x_wconf 80' lang='lat' dir='ltr'>afuisse</span> 
     </span>
     <span class='ocr_line' id='line_1_16' title="bbox 394 2524 1701 2605; baseline -0.002 -18"><span class='ocrx_word' id='word_1_126' title='bbox 394 2541 441 2587; x_wconf 85' lang='lat' dir='ltr'>a</span> <span class='ocrx_word' id='word_1_127' title='bbox 485 2524 823 2605; x_wconf 91' lang='lat' dir='ltr'>prioribus</span> <span class='ocrx_word' id='word_1_128' title='bbox 869 2542 1040 2603; x_wconf 85' lang='lat' dir='ltr'>quas</span> <span class='ocrx_word' id='word_1_129' title='bbox 1085 2524 1326 2588; x_wconf 91' lang='lat' dir='ltr'>dicunt</span> <span class='ocrx_word' id='word_1_130' title='bbox 1373 2524 1701 2589; x_wconf 76' lang='lat' dir='ltr'>Nubibus,</span> 
     </span>
    </p>

    <p class='ocr_par' dir='ltr' id='par_1_5' title="bbox 398 2648 2747 3109">
     <span class='ocr_line' id='line_1_17' title="bbox 490 2648 2744 2729; baseline -0 -18"><span class='ocrx_word' id='word_1_131' title='bbox 490 2648 761 2729; x_wconf 88' lang='lat' dir='ltr'>Optime</span> <span class='ocrx_word' id='word_1_132' title='bbox 821 2652 1056 2713; x_wconf 86' lang='lat' dir='ltr'>autem</span> <span class='ocrx_word' id='word_1_133' title='bbox 1120 2648 1451 2727; x_wconf 84' lang='lat' dir='ltr'>quadrare</span> <span class='ocrx_word' id='word_1_134' title='bbox 1513 2652 1861 2712; x_wconf 87' lang='lat' dir='ltr'>certamen</span> <span class='ocrx_word' id='word_1_135' title='bbox 1925 2652 2241 2713; x_wconf 82' lang='lat' dir='ltr'>nostrum</span> <span class='ocrx_word' id='word_1_136' title='bbox 2304 2665 2458 2713; x_wconf 89' lang='lat' dir='ltr'>cum</span> <span class='ocrx_word' id='word_1_137' title='bbox 2523 2648 2744 2711; x_wconf 87' lang='lat' dir='ltr'>totius</span> 
     </span>
     <span class='ocr_line' id='line_1_18' title="bbox 399 2768 2746 2852; baseline -0 -17"><span class='ocrx_word' id='word_1_138' title='bbox 399 2772 671 2836; x_wconf 82' lang='lat' dir='ltr'>fabulae</span> <span class='ocrx_word' id='word_1_139' title='bbox 732 2772 1013 2837; x_wconf 89' lang='lat' dir='ltr'>consilio</span> <span class='ocrx_word' id='word_1_140' title='bbox 1075 2776 1147 2837; x_wconf 88' lang='lat' dir='ltr'>et</span> <span class='ocrx_word' id='word_1_141' title='bbox 1208 2773 1400 2851; x_wconf 90' lang='lat' dir='ltr'>quasi</span> <span class='ocrx_word' id='word_1_142' title='bbox 1465 2773 1756 2837; x_wconf 77' lang='lat' dir='ltr'>cardinis</span> <span class='ocrx_word' id='word_1_143' title='bbox 1800 2773 2017 2837; x_wconf 79' lang='lat' dir='ltr'>instar</span> <span class='ocrx_word' id='word_1_144' title='bbox 2063 2789 2211 2836; x_wconf 86' lang='lat' dir='ltr'>esse</span> <span class='ocrx_word' id='word_1_145' title='bbox 2261 2768 2746 2852; x_wconf 75' lang='lat' dir='ltr'>habendun1‚3)</span> 
     </span>
     <span class='ocr_line' id='line_1_19' title="bbox 399 2896 2747 2980; baseline -0.001 -19"><span class='ocrx_word' id='word_1_146' title='bbox 399 2896 541 2962; x_wconf 89' lang='lat' dir='ltr'>iam</span> <span class='ocrx_word' id='word_1_147' title='bbox 612 2899 801 2980; x_wconf 76' lang='lat' dir='ltr'>satis,</span> <span class='ocrx_word' id='word_1_148' title='bbox 872 2899 975 2963; x_wconf 92' lang='lat' dir='ltr'>uti</span> <span class='ocrx_word' id='word_1_149' title='bbox 1046 2915 1262 2979; x_wconf 77' lang='lat' dir='ltr'>spem,</span> <span class='ocrx_word' id='word_1_150' title='bbox 1334 2899 1675 2979; x_wconf 86' lang='lat' dir='ltr'>apparuit.</span> <span class='ocrx_word' id='word_1_151' title='bbox 1749 2898 1968 2979; x_wconf 82' lang='lat' dir='ltr'>Quare</span> <span class='ocrx_word' id='word_1_152' title='bbox 2039 2897 2376 2961; x_wconf 88' lang='lat' dir='ltr'>insiticios</span> <span class='ocrx_word' id='word_1_153' title='bbox 2441 2897 2747 2978; x_wconf 87' lang='lat' dir='ltr'>accipere</span> 
     </span>
     <span class='ocr_line' id='line_1_20' title="bbox 398 3021 2742 3109; baseline 0 -23"><span class='ocrx_word' id='word_1_154' title='bbox 398 3039 639 3088; x_wconf 90' lang='lat' dir='ltr'>omnes</span> <span class='ocrx_word' id='word_1_155' title='bbox 685 3024 839 3088; x_wconf 92' lang='lat' dir='ltr'>illos</span> <span class='ocrx_word' id='word_1_156' title='bbox 885 3023 969 3088; x_wconf 89' lang='lat' dir='ltr'>de</span> <span class='ocrx_word' id='word_1_157' title='bbox 1014 3023 1227 3106; x_wconf 73' lang='grc' dir='ltr'><em>ἥττονι</em></span> <span class='ocrx_word' id='word_1_158' title='bbox 1273 3021 1441 3109; x_wconf 68' lang='grc' dir='ltr'>λόγῳ</span> <span class='ocrx_word' id='word_1_159' title='bbox 1488 3024 1671 3088; x_wconf 85' lang='lat' dir='ltr'>locos</span> <span class='ocrx_word' id='word_1_160' title='bbox 1717 3024 1827 3103; x_wconf 83' lang='lat' dir='ltr'>(cf.</span> <span class='ocrx_word' id='word_1_161' title='bbox 1876 3027 2040 3087; x_wconf 90' lang='lat' dir='ltr'>nota</span> <span class='ocrx_word' id='word_1_162' title='bbox 2093 3023 2152 3098; x_wconf 90' lang='lat'>1)</span> <span class='ocrx_word' id='word_1_163' title='bbox 2200 3039 2372 3102; x_wconf 90' lang='lat' dir='ltr'>opus</span> <span class='ocrx_word' id='word_1_164' title='bbox 2419 3022 2742 3087; x_wconf 82' lang='lat' dir='ltr'>nouerit.</span> 
     </span>
    </p>
   </div>
   <div class='ocr_carea' id='block_1_3' title="bbox 492 3215 2745 3297">
    <p class='ocr_par' dir='ltr' id='par_1_6' title="bbox 492 3215 2745 3297">
     <span class='ocr_line' id='line_1_21' title="bbox 492 3215 2745 3297; baseline 0 -18"><span class='ocrx_word' id='word_1_165' title='bbox 492 3222 531 3293; x_wconf 66' lang='lat' dir='ltr'><strong>g</strong></span> <span class='ocrx_word' id='word_1_166' title='bbox 576 3217 639 3280; x_wconf 91' lang='grc'>6.</span> <span class='ocrx_word' id='word_1_167' title='bbox 732 3217 1137 3281; x_wconf 85' lang='lat' dir='ltr'>Rectissime</span> <span class='ocrx_word' id='word_1_168' title='bbox 1185 3216 1381 3280; x_wconf 91' lang='lat' dir='ltr'>nobis</span> <span class='ocrx_word' id='word_1_169' title='bbox 1428 3215 1767 3281; x_wconf 89' lang='lat' dir='ltr'>iudicasse</span> <span class='ocrx_word' id='word_1_170' title='bbox 1813 3215 2091 3280; x_wconf 88' lang='lat' dir='ltr'>videtur</span> <span class='ocrx_word' id='word_1_171' title='bbox 2124 3218 2206 3280; x_wconf 87' lang='lat' dir='ltr'>A.</span> <span class='ocrx_word' id='word_1_172' title='bbox 2242 3215 2745 3297; x_wconf 73' lang='lat' dir='ltr'>BoHRmGER,4)</span> 
     </span>
    </p>
   </div>
   <div class='ocr_carea' id='block_1_4' title="bbox 402 3351 829 3360">
    <p class='ocr_par' dir='ltr' id='par_1_7' title="bbox 402 3351 829 3360">
     <span class='ocr_line' id='line_1_22' title="bbox 402 3351 829 3360; baseline 0 2377"><span class='ocrx_word' id='word_1_173' title='bbox 402 3351 829 3360; x_wconf 95' lang='lat' dir='ltr'> </span> 
     </span>
    </p>
   </div>
   <div class='ocr_carea' id='block_1_5' title="bbox 400 3398 2753 4848">
    <p class='ocr_par' dir='ltr' id='par_1_8' title="bbox 400 3398 2750 3869">
     <span class='ocr_line' id='line_1_23' title="bbox 484 3398 2749 3478; baseline -0.002 -18"><span class='ocrx_word' id='word_1_174' title='bbox 484 3403 533 3474; x_wconf 86' lang='lat' dir='ltr'>l)</span> <span class='ocrx_word' id='word_1_175' title='bbox 586 3400 660 3460; x_wconf 87' lang='lat' dir='ltr'>cf.</span> <span class='ocrx_word' id='word_1_176' title='bbox 717 3401 1024 3461; x_wconf 85' lang='lat' dir='ltr'>Brentano</span> <span class='ocrx_word' id='word_1_177' title='bbox 1067 3401 1147 3460; x_wconf 91' lang='grc'><strong>1.1.</strong></span> <span class='ocrx_word' id='word_1_178' title='bbox 1190 3421 1327 3478; x_wconf 83' lang='lat' dir='ltr'>pag.</span> <span class='ocrx_word' id='word_1_179' title='bbox 1374 3403 1449 3459; x_wconf 81' lang='lat'>82</span> <span class='ocrx_word' id='word_1_180' title='bbox 1493 3421 1621 3475; x_wconf 85' lang='lat' dir='ltr'>sqq.</span> <span class='ocrx_word' id='word_1_181' title='bbox 1666 3400 1991 3458; x_wconf 83' lang='lat' dir='ltr'>Praeterea</span> <span class='ocrx_word' id='word_1_182' title='bbox 2034 3399 2340 3458; x_wconf 83' lang='lat' dir='ltr'>Brentano</span> <span class='ocrx_word' id='word_1_183' title='bbox 2386 3399 2545 3456; x_wconf 88' lang='lat' dir='ltr'>locos</span> <span class='ocrx_word' id='word_1_184' title='bbox 2586 3398 2749 3474; x_wconf 79' lang='lat' dir='ltr'>apud</span> 
     </span>
     <span class='ocr_line' id='line_1_24' title="bbox 405 3495 2746 3577; baseline -0.001 -20"><span class='ocrx_word' id='word_1_185' title='bbox 405 3500 715 3558; x_wconf 71' lang='lat' dir='ltr'>onolemm</span> <span class='ocrx_word' id='word_1_186' title='bbox 772 3499 881 3567; x_wconf 90' lang='lat' dir='ltr'>(II.</span> <span class='ocrx_word' id='word_1_187' title='bbox 929 3499 1043 3577; x_wconf 86' lang='lat'>18),</span> <span class='ocrx_word' id='word_1_188' title='bbox 1090 3497 1505 3572; x_wconf 67' lang='lat' dir='ltr'>Qmwrrnumun</span> <span class='ocrx_word' id='word_1_189' title='bbox 1550 3497 1777 3574; x_wconf 87' lang='lat' dir='ltr'>(Instit.</span> <span class='ocrx_word' id='word_1_190' title='bbox 1822 3503 1970 3556; x_wconf 81' lang='lat' dir='ltr'>orat.</span> <span class='ocrx_word' id='word_1_191' title='bbox 2015 3497 2098 3555; x_wconf 93' lang='lat' dir='ltr'>II.</span> <span class='ocrx_word' id='word_1_192' title='bbox 2149 3499 2262 3572; x_wconf 49' lang='lat'>16)2</span> <span class='ocrx_word' id='word_1_193' title='bbox 2305 3495 2607 3554; x_wconf 64' lang='lat' dir='ltr'>Anmmtm</span> <span class='ocrx_word' id='word_1_194' title='bbox 2645 3495 2746 3562; x_wconf 74' lang='lat' dir='ltr'>(V.</span> 
     </span>
     <span class='ocr_line' id='line_1_25' title="bbox 402 3593 2746 3674; baseline -0.002 -19"><span class='ocrx_word' id='word_1_195' title='bbox 402 3597 483 3655; x_wconf 91' lang='lat' dir='ltr'>H.</span> <span class='ocrx_word' id='word_1_196' title='bbox 548 3595 617 3654; x_wconf 89' lang='lat' dir='ltr'><strong>H</strong></span> <span class='ocrx_word' id='word_1_197' title='bbox 683 3599 798 3674; x_wconf 76' lang='lat'>13),</span> <span class='ocrx_word' id='word_1_198' title='bbox 856 3598 918 3655; x_wconf 88' lang='lat' dir='ltr'>in</span> <span class='ocrx_word' id='word_1_199' title='bbox 976 3595 1197 3672; x_wconf 88' lang='lat' dir='ltr'>quibus</span> <span class='ocrx_word' id='word_1_200' title='bbox 1250 3597 1573 3674; x_wconf 84' lang='lat' dir='ltr'>respicitur</span> <span class='ocrx_word' id='word_1_201' title='bbox 1622 3595 1701 3654; x_wconf 77' lang='lat' dir='ltr'>ad</span> <span class='ocrx_word' id='word_1_202' title='bbox 1763 3595 1916 3654; x_wconf 86' lang='lat' dir='ltr'>illud</span> <span class='ocrx_word' id='word_1_203' title='bbox 1959 3596 2018 3652; x_wconf 90' lang='lat' dir='ltr'>in</span> <span class='ocrx_word' id='word_1_204' title='bbox 2062 3593 2370 3652; x_wconf 75' lang='lat' dir='ltr'>Socratem</span> <span class='ocrx_word' id='word_1_205' title='bbox 2413 3594 2746 3652; x_wconf 82' lang='lat' dir='ltr'>convicium</span> 
     </span>
     <span class='ocr_line' id='line_1_26' title="bbox 400 3690 2750 3770; baseline -0.002 -18"><span class='ocrx_word' id='word_1_206' title='bbox 400 3693 645 3759; x_wconf 86' lang='lat' dir='ltr'>(docere</span> <span class='ocrx_word' id='word_1_207' title='bbox 700 3714 855 3754; x_wconf 89' lang='lat' dir='ltr'>eum.</span> <span class='ocrx_word' id='word_1_208' title='bbox 914 3695 1211 3770; x_wconf 86' lang='lat' dir='ltr'>quomodo</span> <span class='ocrx_word' id='word_1_209' title='bbox 1266 3695 1527 3770; x_wconf 84' lang='lat' dir='ltr'>peiorem</span> <span class='ocrx_word' id='word_1_210' title='bbox 1574 3713 1814 3752; x_wconf 81' lang='lat' dir='ltr'>causam</span> <span class='ocrx_word' id='word_1_211' title='bbox 1855 3693 2166 3750; x_wconf 86' lang='lat' dir='ltr'>meliorem</span> <span class='ocrx_word' id='word_1_212' title='bbox 2207 3690 2414 3766; x_wconf 83' lang='lat' dir='ltr'>faciat)</span> <span class='ocrx_word' id='word_1_213' title='bbox 2456 3691 2750 3748; x_wconf 86' lang='lat' dir='ltr'>insiticios</span> 
     </span>
     <span class='ocr_line' id='line_1_27' title="bbox 400 3793 1120 3869; baseline -0.001 -18"><span class='ocrx_word' id='word_1_214' title='bbox 400 3811 596 3851; x_wconf 74' lang='lat' dir='ltr'>omnes</span> <span class='ocrx_word' id='word_1_215' title='bbox 636 3811 769 3852; x_wconf 84' lang='lat' dir='ltr'>esse</span> <span class='ocrx_word' id='word_1_216' title='bbox 811 3799 1033 3852; x_wconf 86' lang='lat' dir='ltr'>censet.</span> <span class='ocrx_word' id='word_1_217' title='bbox 1056 3793 1120 3869; x_wconf 71' lang='grc' dir='ltr'>(ἱ)</span> 
     </span>
    </p>

    <p class='ocr_par' dir='ltr' id='par_1_9' title="bbox 402 3887 2748 4163">
     <span class='ocr_line' id='line_1_28' title="bbox 484 3887 2747 3966; baseline -0.002 -17"><span class='ocrx_word' id='word_1_218' title='bbox 484 3891 537 3960; x_wconf 71' lang='grc'>2)</span> <span class='ocrx_word' id='word_1_219' title='bbox 590 3891 665 3950; x_wconf 83' lang='lat' dir='ltr'>cf.</span> <span class='ocrx_word' id='word_1_220' title='bbox 722 3911 876 3966; x_wconf 84' lang='lat' dir='ltr'>quae</span> <span class='ocrx_word' id='word_1_221' title='bbox 930 3890 1043 3950; x_wconf 82' lang='lat' dir='ltr'>hac</span> <span class='ocrx_word' id='word_1_222' title='bbox 1099 3890 1175 3948; x_wconf 87' lang='lat' dir='ltr'>de</span> <span class='ocrx_word' id='word_1_223' title='bbox 1232 3910 1297 3948; x_wconf 88' lang='lat' dir='ltr'>re</span> <span class='ocrx_word' id='word_1_224' title='bbox 1340 3891 1675 3948; x_wconf 84' lang='lat' dir='ltr'>rectissime</span> <span class='ocrx_word' id='word_1_225' title='bbox 1718 3888 2001 3948; x_wconf 85' lang='lat' dir='ltr'>observat</span> <span class='ocrx_word' id='word_1_226' title='bbox 2045 3908 2100 3947; x_wconf 84' lang='lat' dir='ltr'>v.</span> <span class='ocrx_word' id='word_1_227' title='bbox 2145 3888 2217 3945; x_wconf 87' lang='lat' dir='ltr'>cl.</span> <span class='ocrx_word' id='word_1_228' title='bbox 2262 3887 2394 3946; x_wconf 67' lang='lat' dir='ltr'>Vm</span> <span class='ocrx_word' id='word_1_229' title='bbox 2433 3887 2747 3960; x_wconf 68' lang='lat' dir='ltr'>Lmenwnu,</span> 
     </span>
     <span class='ocr_line' id='line_1_29' title="bbox 402 3982 2748 4066; baseline -0.003 -18"><span class='ocrx_word' id='word_1_230' title='bbox 402 3994 673 4048; x_wconf 74' lang='lat' dir='ltr'>oratores</span> <span class='ocrx_word' id='word_1_231' title='bbox 714 3988 922 4048; x_wconf 84' lang='lat' dir='ltr'>ambos</span> <span class='ocrx_word' id='word_1_232' title='bbox 966 4009 1083 4047; x_wconf 91' lang='lat' dir='ltr'>non</span> <span class='ocrx_word' id='word_1_233' title='bbox 1125 3989 1439 4066; x_wconf 86' lang='lat' dir='ltr'>postmodo</span> <span class='ocrx_word' id='word_1_234' title='bbox 1482 3987 1723 4046; x_wconf 79' lang='lat' dir='ltr'>additos</span> <span class='ocrx_word' id='word_1_235' title='bbox 1767 4005 1898 4044; x_wconf 85' lang='lat' dir='ltr'>esse</span> <span class='ocrx_word' id='word_1_236' title='bbox 1941 4005 2294 4063; x_wconf 81' lang='lat' dir='ltr'>persuasum</span> <span class='ocrx_word' id='word_1_237' title='bbox 2316 3983 2547 4043; x_wconf 86' lang='lat' dir='ltr'>habens</span> <span class='ocrx_word' id='word_1_238' title='bbox 2570 3982 2748 4058; x_wconf 87' lang='lat' dir='ltr'>(Nub.</span> 
     </span>
     <span class='ocr_line' id='line_1_30' title="bbox 403 4085 1309 4163; baseline -0.001 -19"><span class='ocrx_word' id='word_1_239' title='bbox 403 4085 555 4144; x_wconf 85' lang='lat' dir='ltr'>edit.</span> <span class='ocrx_word' id='word_1_240' title='bbox 597 4086 784 4163; x_wconf 82' lang='lat' dir='ltr'>praef.</span> <span class='ocrx_word' id='word_1_241' title='bbox 828 4087 1005 4148; x_wconf 83' lang='lat' dir='ltr'>VIII.</span> <span class='ocrx_word' id='word_1_242' title='bbox 1047 4093 1191 4146; x_wconf 86' lang='lat' dir='ltr'>nota</span> <span class='ocrx_word' id='word_1_243' title='bbox 1230 4085 1309 4162; x_wconf 84' lang='lat'>2).</span> 
     </span>
    </p>

    <p class='ocr_par' dir='ltr' id='par_1_10' title="bbox 406 4181 2749 4458">
     <span class='ocr_line' id='line_1_31' title="bbox 490 4181 2747 4260; baseline -0.003 -18"><span class='ocrx_word' id='word_1_244' title='bbox 490 4183 539 4260; x_wconf 87' lang='grc'>3)</span> <span class='ocrx_word' id='word_1_245' title='bbox 595 4183 669 4242; x_wconf 86' lang='lat' dir='ltr'>cf.</span> <span class='ocrx_word' id='word_1_246' title='bbox 728 4183 1077 4244; x_wconf 84' lang='lat' dir='ltr'>Leeuwenii</span> <span class='ocrx_word' id='word_1_247' title='bbox 1120 4183 1337 4243; x_wconf 85' lang='lat' dir='ltr'>verba:</span> <span class='ocrx_word' id='word_1_248' title='bbox 1387 4181 1601 4254; x_wconf 79' lang='lat' dir='ltr'>„nobile</span> <span class='ocrx_word' id='word_1_249' title='bbox 1644 4181 1798 4239; x_wconf 87' lang='lat' dir='ltr'>illud</span> <span class='ocrx_word' id='word_1_250' title='bbox 1840 4181 2157 4255; x_wconf 83' lang='lat' dir='ltr'>utriusque</span> <span class='ocrx_word' id='word_1_251' title='bbox 2201 4183 2383 4253; x_wconf 74' lang='grc' dir='ltr'><em>λόγου</em></span> <span class='ocrx_word' id='word_1_252' title='bbox 2425 4185 2747 4254; x_wconf 65' lang='lat' dir='ltr'>certamen,</span> 
     </span>
     <span class='ocr_line' id='line_1_32' title="bbox 406 4273 2749 4356; baseline -0.003 -16"><span class='ocrx_word' id='word_1_253' title='bbox 406 4282 511 4340; x_wconf 85' lang='lat' dir='ltr'>cui</span> <span class='ocrx_word' id='word_1_254' title='bbox 550 4287 789 4342; x_wconf 81' lang='lat' dir='ltr'>nostrae</span> <span class='ocrx_word' id='word_1_255' title='bbox 830 4281 1069 4342; x_wconf 82' lang='lat' dir='ltr'>fabulae</span> <span class='ocrx_word' id='word_1_256' title='bbox 1108 4281 1331 4356; x_wconf 71' lang='lat' dir='ltr'>pondus</span> <span class='ocrx_word' id='word_1_257' title='bbox 1374 4285 1551 4338; x_wconf 73' lang='lat' dir='ltr'>totecm</span> <span class='ocrx_word' id='word_1_258' title='bbox 1592 4277 1720 4337; x_wconf 87' lang='lat' dir='ltr'>fere</span> <span class='ocrx_word' id='word_1_259' title='bbox 1763 4277 1978 4336; x_wconf 87' lang='lat' dir='ltr'>inest.&#39;&#39;</span> <span class='ocrx_word' id='word_1_260' title='bbox 2023 4275 2204 4354; x_wconf 88' lang='lat' dir='ltr'>(Nub.</span> <span class='ocrx_word' id='word_1_261' title='bbox 2243 4276 2337 4334; x_wconf 89' lang='lat' dir='ltr'>ed.</span> <span class='ocrx_word' id='word_1_262' title='bbox 2361 4273 2547 4352; x_wconf 85' lang='lat' dir='ltr'>praef.</span> <span class='ocrx_word' id='word_1_263' title='bbox 2571 4275 2749 4350; x_wconf 88' lang='lat' dir='ltr'>VIII,</span> 
     </span>
     <span class='ocr_line' id='line_1_33' title="bbox 406 4380 673 4458; baseline 0.007 -21"><span class='ocrx_word' id='word_1_264' title='bbox 406 4385 553 4438; x_wconf 79' lang='lat' dir='ltr'>nota</span> <span class='ocrx_word' id='word_1_265' title='bbox 595 4380 673 4458; x_wconf 86' lang='lat'>2).</span> 
     </span>
    </p>

    <p class='ocr_par' dir='ltr' id='par_1_11' title="bbox 406 4471 2753 4848">
     <span class='ocr_line' id='line_1_34' title="bbox 490 4471 2753 4552; baseline -0.003 -17"><span class='ocrx_word' id='word_1_266' title='bbox 490 4479 543 4550; x_wconf 82' lang='lat'>4)</span> <span class='ocrx_word' id='word_1_267' title='bbox 582 4477 823 4537; x_wconf 86' lang='lat' dir='ltr'>Primus</span> <span class='ocrx_word' id='word_1_268' title='bbox 866 4485 928 4537; x_wconf 91' lang='lat' dir='ltr'>et</span> <span class='ocrx_word' id='word_1_269' title='bbox 968 4477 1277 4552; x_wconf 85' lang='lat' dir='ltr'>hucusque</span> <span class='ocrx_word' id='word_1_270' title='bbox 1318 4476 1437 4534; x_wconf 85' lang='lat' dir='ltr'>nisi</span> <span class='ocrx_word' id='word_1_271' title='bbox 1476 4473 1655 4534; x_wconf 81' lang='lat' dir='ltr'>fallor</span> <span class='ocrx_word' id='word_1_272' title='bbox 1695 4474 1947 4532; x_wconf 83' lang='lat' dir='ltr'>ultimus</span> <span class='ocrx_word' id='word_1_273' title='bbox 1989 4473 2082 4532; x_wconf 88' lang='lat' dir='ltr'>vir</span> <span class='ocrx_word' id='word_1_274' title='bbox 2104 4471 2320 4530; x_wconf 86' lang='lat' dir='ltr'>doctus</span> <span class='ocrx_word' id='word_1_275' title='bbox 2338 4471 2500 4530; x_wconf 83' lang='lat' dir='ltr'>viam</span> <span class='ocrx_word' id='word_1_276' title='bbox 2524 4471 2753 4546; x_wconf 87' lang='lat' dir='ltr'>ingres-</span> 
     </span>
     <span class='ocr_line' id='line_1_35' title="bbox 406 4567 2752 4650; baseline -0.003 -16"><span class='ocrx_word' id='word_1_277' title='bbox 406 4595 517 4634; x_wconf 85' lang='lat' dir='ltr'>sus</span> <span class='ocrx_word' id='word_1_278' title='bbox 578 4581 671 4634; x_wconf 86' lang='lat' dir='ltr'>est</span> <span class='ocrx_word' id='word_1_279' title='bbox 732 4575 1202 4650; x_wconf 69' lang='lat' dir='ltr'>demonstrandi,</span> <span class='ocrx_word' id='word_1_280' title='bbox 1268 4594 1384 4632; x_wconf 90' lang='lat' dir='ltr'>non</span> <span class='ocrx_word' id='word_1_281' title='bbox 1444 4573 1621 4630; x_wconf 87' lang='lat' dir='ltr'>unice</span> <span class='ocrx_word' id='word_1_282' title='bbox 1686 4573 1747 4629; x_wconf 88' lang='lat' dir='ltr'>in</span> <span class='ocrx_word' id='word_1_283' title='bbox 1809 4571 2116 4629; x_wconf 81' lang='lat' dir='ltr'>Socratem</span> <span class='ocrx_word' id='word_1_284' title='bbox 2171 4589 2431 4644; x_wconf 87' lang='lat' dir='ltr'>suosque</span> <span class='ocrx_word' id='word_1_285' title='bbox 2481 4567 2752 4627; x_wconf 85' lang='lat' dir='ltr'>Nubium</span> 
     </span>
     <span class='ocr_line' id='line_1_36' title="bbox 408 4666 2752 4750; baseline -0.003 -20"><span class='ocrx_word' id='word_1_286' title='bbox 408 4671 677 4731; x_wconf 82' lang='lat' dir='ltr'>fabulam</span> <span class='ocrx_word' id='word_1_287' title='bbox 720 4693 853 4732; x_wconf 86' lang='lat' dir='ltr'>esse</span> <span class='ocrx_word' id='word_1_288' title='bbox 895 4674 1199 4750; x_wconf 81' lang='lat' dir='ltr'>scriptam,</span> <span class='ocrx_word' id='word_1_289' title='bbox 1242 4672 1353 4730; x_wconf 84' lang='lat' dir='ltr'>sed</span> <span class='ocrx_word' id='word_1_290' title='bbox 1395 4670 1750 4747; x_wconf 83' lang='lat' dir='ltr'>praesertim</span> <span class='ocrx_word' id='word_1_291' title='bbox 1794 4669 1854 4726; x_wconf 92' lang='lat' dir='ltr'>in</span> <span class='ocrx_word' id='word_1_292' title='bbox 1897 4667 2358 4726; x_wconf 87' lang='lat' dir='ltr'>Atheniensium</span> <span class='ocrx_word' id='word_1_293' title='bbox 2393 4666 2752 4724; x_wconf 86' lang='lat' dir='ltr'>eruditionis</span> 
     </span>
     <span class='ocr_line' id='line_1_37' title="bbox 410 4762 2752 4848; baseline -0.004 -17"><span class='ocrx_word' id='word_1_294' title='bbox 410 4772 717 4848; x_wconf 83' lang='lat' dir='ltr'>speciosae</span> <span class='ocrx_word' id='word_1_295' title='bbox 772 4771 1045 4846; x_wconf 83' lang='lat' dir='ltr'>levisque</span> <span class='ocrx_word' id='word_1_296' title='bbox 1099 4790 1319 4830; x_wconf 83' lang='lat' dir='ltr'>vanum</span> <span class='ocrx_word' id='word_1_297' title='bbox 1374 4767 1663 4843; x_wconf 74' lang='lat' dir='ltr'>studium,</span> <span class='ocrx_word' id='word_1_298' title='bbox 1720 4785 1874 4842; x_wconf 81' lang='lat' dir='ltr'>quae</span> <span class='ocrx_word' id='word_1_299' title='bbox 1929 4765 2107 4824; x_wconf 80' lang='lat' dir='ltr'>facile</span> <span class='ocrx_word' id='word_1_300' title='bbox 2161 4767 2224 4822; x_wconf 86' lang='lat' dir='ltr'>in</span> <span class='ocrx_word' id='word_1_301' title='bbox 2264 4762 2540 4823; x_wconf 79' lang='lat' dir='ltr'>fraudem</span> <span class='ocrx_word' id='word_1_302' title='bbox 2583 4765 2752 4822; x_wconf 84' lang='lat' dir='ltr'>mali—</span> 
     </span>
    </p>
   </div>
  </div>
 </body>
</html>
