3478 5737
1527 587 1610 650 79

395 795 600 842 suum
663 779 1062 843 ministrum
1113 780 1328 844 bonae
1373 779 1626 844 indolis
1671 795 1823 843 esse
1868 782 2253 861 expertem.
2328 780 2539 859 Atqui
2593 780 2740 843 taci—

397 907 502 967 tus
598 905 736 983 fert
822 902 1086 967 Chorus
1171 902 1589 985 Strepsiadis
1671 903 1744 967 in
1818 901 2171 967 Socratem
2234 903 2567 968 ultionem.
2667 901 2740 966 Id

393 1043 670 1091 verum:
743 1031 898 1108 post
965 1044 1046 1092 ea
1107 1028 1314 1109 enim,
1379 1044 1554 1106 quae
1619 1027 1815 1091 modo
1877 1026 2315 1093 laudavimus
2364 1029 2573 1092 verba
2620 1031 2742 1106 (vs.

394 1151 564 1214 1458
611 1151 782 1230 sqq.)
830 1151 930 1215 nil
975 1152 1275 1232 amplius
1321 1151 1680 1216 contendit,
1727 1151 2013 1234 ChoruS,
2062 1152 2120 1215 si
2170 1152 2442 1231 quidem
2494 1151 2741 1230 excipi·

391 1293 549 1340 mus
634 1276 850 1340 totius
919 1275 1190 1340 fabulae
1259 1280 1688 1356 postremum
1760 1292 2057 1340 versum.
2152 1275 2435 1340 Minime
2504 1279 2739 1340 autem

391 1401 804 1481 mirandum,
871 1399 1104 1465 Nubes
1165 1399 1428 1465 Socrati
1485 1415 1622 1464 non
1671 1399 2017 1480 opitulari.
2098 1400 2273 1464 Deae
2320 1400 2503 1464 enim
2554 1403 2739 1479 sunt,

388 1541 564 1602 quae
633 1525 915 1588 deorum
985 1525 1207 1588 instar
1267 1540 1469 1604 saepe
1533 1522 1628 1586 nil
1691 1541 1930 1588 curare
1993 1523 2362 1588 videantur
2418 1524 2741 1588 humana.

389 1647 532 1710 Nec
614 1647 833 1727 magis
910 1652 1018 1711 est
1086 1647 1500 1729 mirandum,
1573 1645 2061 1728 Strepsiadem,
2132 1647 2388 1711 deabus
2458 1647 2741 1710 minime

388 1787 623 1850 parem
688 1788 761 1834 se
820 1771 1260 1851 sentientem,
1323 1789 1364 1834 a
1428 1771 1730 1850 Socrate,
1800 1775 2038 1851 utpote
2102 1771 2395 1849 mortali,
2464 1773 2739 1835 tantum

387 1897 716 1976 expetere
763 1913 1036 1976 poenas,
1108 1896 1341 1976 Porro,
1389 1895 1448 1959 si
1495 1895 1817 1959 audimus
1865 1894 2330 1976 Strepsiadem
2376 1896 2585 1958 verba
2622 1894 2742 1959 illa

388 2017 732 2082 dicentem
796 2024 924 2096 (VS.
994 2021 1161 2083 1452
1219 2021 1376 2100 sq.):
1426 2024 1607 2082 ταυτὶ
1657 2019 1739 2082 δι’
1793 2023 1972 2098 ὑμᾶς,
2020 2015 2069 2082 ὦ
2116 2017 2421 2098 Νεφέλαι,
2470 2021 2740 2082 πέπονθ’

389 2145 536 2224 ἐγώ,
623 2143 844 2224 primo
913 2143 1163 2207 obtutu
1234 2143 1492 2208 dixeris
1563 2161 1901 2208 vesanum
1973 2147 2305 2218 nostrum,
2373 2143 2490 2222 qui
2562 2142 2743 2207 ultro

391 2267 746 2332 Socratem
810 2267 1139 2347 petiverit
1201 2285 1498 2348 eumque
1547 2269 1851 2333 Nubiurn
1903 2268 2299 2332 ministrum
2346 2283 2496 2332 esse
2543 2266 2741 2332 facile

391 2391 783 2472 crediderit,
849 2391 1099 2456 idcirco
1150 2391 1449 2456 Chorum
1498 2392 1717 2456 solum
1770 2409 2111 2474 accusare,
2162 2392 2321 2471 quia
2370 2391 2741 2473 Socratem,

394 2519 640 2598 utpote
689 2516 993 2580 Nubium
1039 2516 1548 2600 administrum,
1597 2519 1683 2582 ab
1730 2517 1919 2581 omni
1960 2516 2163 2596 culpa
2194 2519 2392 2598 putet
2425 2533 2741 2581 vacuum.

393 2639 507 2705 Sic
555 2640 802 2704 saltem
847 2657 1144 2720 aequum
1193 2657 1470 2706 censere
1512 2642 1867 2722 putaveris
1906 2643 2384 2722 spectatorem.
2435 2640 2745 2704 Stolidus

394 2766 630 2829 autem
687 2768 923 2828 noster
966 2781 1088 2845 pro
1133 2782 1260 2828 sua
1307 2783 1629 2847 perversa
1675 2765 2020 2844 cogitandi
2072 2765 2340 2828 ratione
2389 2765 2739 2829 Socratem

393 2891 634 2954 statim
720 2894 877 2970 post
956 2892 1266 2955 omnium
1351 2908 1630 2955 8110111111
1719 2890 2055 2955 malorum
2141 2886 2415 2969 culpam
2487 2890 2737 2953 habere

395 3015 690 3095 videtur,
737 3015 995 3079 etenim
1045 3015 1429 3080 Socraticos
1475 3016 1789 3079 instituit
1838 3014 2109 3095 ulcisci;
2150 3014 2334 3077 sitne
2368 3014 2739 3092 immerite,

395 3139 458 3202 id
507 3156 727 3218 neque
773 3140 991 3203 sentit
1039 3130 1260 3219 neque
1307 3144 1529 3205 curat.

480 3263 625 3344 Quo
671 3263 950 3327 tandem
997 3263 1244 3327 indicio
1291 3264 1730 3329 efficiendum
1780 3264 1873 3327 sit
1921 3262 2218 3326 Chorum
2270 3280 2343 3325 se
2380 3278 2422 3326 a
2462 3260 2739 3326 Socrate

392 3386 800 3468 abalienare,
849 3405 986 3452 non
1036 3388 1251 3453 video,
1325 3388 1578 3452 Dicunt
1623 3388 1805 3451 enim
1858 3386 2091 3451 Nubes
2127 3390 2251 3466 (VS.
2298 3388 2527 3463 1458st
2568 3391 2739 3468 ἡμεῖς

395 3526 691 3595 ποιοῦμεν
754 3513 942 3576 ταῦθ’
1005 3510 1316 3590 ἑκάστοθ’,
1376 3518 1505 3577 cet.
1593 3512 1665 3577 Si
1729 3528 2067 3593 rogamus,
2130 3528 2264 3589 quo
2312 3515 2510 3590 pacto
2562 3512 2738 3575 bona

395 3656 518 3703 sua
592 3638 876 3703 consilia
953 3639 1267 3719 persequi
1345 3637 1634 3718 soleant,
1713 3634 1811 3700 nil
1888 3636 2071 3699 aliud
2144 3652 2261 3699 eas
2331 3636 2739 3717 respondere

393 3780 590 3843 posse
667 3765 995 3844 putamus
1067 3763 1234 3828 nisi:
1320 3765 1440 3847 „ut
1501 3761 1811 3842 fecimus,
1890 3776 2009 3841 per
2073 3777 2287 3823 unum
2350 3759 2737 3825 alterumve

392 3891 786 3952 nostrorum
845 3886 1477 3952 administrorum.’'
1557 3886 1741 3950 Num
1789 3884 2204 3949 credendum
2249 3901 2386 3966 eaS,
2436 3884 2739 3949 consiliis

393 4011 733 4092 perfectis,
799 4011 1152 4075 ministros
1214 4028 1378 4076 81108
1423 4010 1747 4075 detestari
1775 4010 1811 4073 ‘2
1900 4008 1973 4073 Si
2021 4008 2085 4072 id
2137 4008 2471 4071 voluisset
2518 4012 2735 4089 poeta,

395 4136 612 4199 Choro
659 4134 800 4199 tale
847 4135 1006 4215 quid
1055 4137 1459 4215 oportuerat
1507 4134 1829 4198 tribuere.

484 4259 556 4324 Si
618 4275 1096 4341 comparamus
1143 4258 1388 4323 Kockii
1434 4258 1516 4322 de
1561 4258 1827 4321 duabus
1874 4257 2351 4320 voluntatibus
2411 4292 2473 4301 -
2532 4256 2735 4319 Chori

391 4384 466 4448 et
543 4400 703 4463 erga
773 4384 1234 4464 Strepsiadem
1303 4382 1374 4446 et
1441 4383 1511 4446 in
1584 4380 1931 4445 Socratem
2008 4378 2160 4444 volo
2228 4416 2289 4424 -
2357 4380 2735 4461 opiniones,

391 4511 680 4588 apparet
726 4526 791 4572 v.
839 4508 900 4571 d.
946 4525 1186 4588 parum
1236 4506 1368 4570 sibi
1397 4509 1751 4570 constare.

485 4630 736 4696 Deserit
781 4632 965 4695 enim
1015 4632 1276 4695 Chorus
1322 4648 1409 4694 ex
1449 4630 1689 4695 Kockii
1727 4629 2047 4710 opinione
2088 4628 2459 4709 Socratem,
2500 4628 2738 4710 decipit

391 4760 636 4821 contra
695 4756 1178 4835 Strepsiadem.
1263 4756 1360 4819 At
1419 4772 1547 4836 quo
1603 4754 1867 4818 consilio
1914 4753 2167 4817 deserit
2214 4754 2515 4816 veterem
2563 4754 2735 4816 ami-
