3478 5737
1604 634 1689 699 35

468 828 763 909 phanem
832 828 1032 893 unice
1102 826 1359 894 favisse
1428 831 1842 912 reipublicae
1911 831 2144 911 saluti,
2214 834 2434 895 ortam
2507 848 2677 915 esse,
2747 835 2816 898 in

468 952 824 1017 Prooemio
872 954 1011 1018 iam
1058 954 1415 1019 ostendere
1463 972 1705 1019 sumus
1753 955 2000 1020 conati.

556 1076 894 1142 Iudicium
940 1079 1257 1142 nostrum
1304 1078 1377 1142 in
1424 1077 1677 1143 fabulis
1724 1078 2254 1159 Aristophaneis
2305 1079 2588 1159 leyendis
2633 1079 2816 1144 ultro

467 1200 676 1264 nimis
721 1200 869 1265 fieri
914 1217 1254 1283 severum,
1304 1201 1589 1266 minime
1636 1206 1744 1267 est
1790 1202 2202 1267 mirandum.
2285 1201 2356 1266 Si
2404 1202 2588 1266 enim
2636 1202 2818 1267 inter

468 1324 828 1405 legendum
898 1324 1121 1389 ridere
1187 1344 1315 1390 non
1380 1342 1766 1407 possumus,
1839 1326 1986 1391 sive
2051 1326 2212 1406 quia
2258 1326 2513 1391 desunt
2559 1329 2814 1408 gestus,

468 1448 657 1513 vocis
704 1448 1222 1531 modulationeS,
1271 1452 1598 1531 staturae,
1647 1451 1887 1531 saltus
1936 1450 2082 1515 sive
2130 1448 2292 1531 quia
2327 1467 2501 1531 quae
2526 1450 2816 1531 legimus

464 1589 603 1636 non
673 1572 868 1652 quasi
937 1572 1294 1638 histrionis
1362 1574 1782 1639 sententiam
1851 1574 2220 1639 absurdam
2293 1574 2646 1657 habemuS,
2695 1575 2811 1639 sed

465 1700 703 1779 poetae
749 1697 967 1779 ipsius
1012 1714 1163 1763 esse
1201 1702 1546 1779 putamuS,
1594 1736 1656 1744 —
1700 1698 1759 1763 si
1799 1698 2019 1764 ridere
2057 1716 2194 1763 non
2233 1715 2620 1781 possumuS,
2655 1699 2817 1765 licet

464 1821 739 1885 animus
784 1824 1019 1886 noster
1064 1822 1159 1887 sit
1205 1826 1564 1904 promptus
1610 1826 1682 1887 et
1726 1823 1970 1906 alacer,
2001 1825 2168 1888 tunc
2191 1822 2392 1887 facile
2415 1822 2814 1888 adducimur

466 1949 563 2025 ut,
613 1962 787 2025 quae
834 1948 1001 2010 sunt
1049 1946 1337 2011 facetiae
1386 1963 1615 2011 merae
1662 1949 1920 2027 absque
1961 1946 2458 2011 omniconsilio
2484 1947 2812 2029 prolatae,

466 2070 841 2134 habeamus
908 2086 1029 2151 pro
1076 2070 1255 2135 seria
1322 2071 1563 2135 comici
1629 2073 1874 2151 poetae
1921 2071 2140 2151 ipsius
2185 2070 2551 2153 sententia,
2601 2074 2814 2151 utque

462 2194 701 2259 ludum
767 2195 1138 2259 innocuum
1184 2200 1509 2275 putemus
1555 2212 1701 2260 rem
1749 2196 2000 2260 seriam
2046 2196 2412 2276 magnique
2458 2196 2810 2277 momenti,

462 2318 594 2383 odii
646 2319 939 2383 fortasse
986 2318 1423 2399 invidiaeque
1458 2319 1770 2401 plenam3
1809 2324 1880 2385 et
1911 2322 2008 2384 sic
2031 2320 2111 2384 ad
2141 2319 2424 2384 consilia
2448 2320 2814 2383 inhonesta

464 2442 847 2507 cavillatori
894 2443 1300 2524 imputanda
1348 2460 1507 2508 mox
1552 2460 1796 2508 sumus
1843 2444 2180 2525 propensi.
2231 2442 2564 2508 Homines
2587 2444 2810 2507 severi

463 2584 601 2631 non
648 2568 847 2633 facile
893 2568 1120 2633 solent
1164 2568 1446 2633 ioculari
1494 2568 1958 2652 cavillarique,
2007 2586 2093 2633 ne
2125 2569 2194 2633 in
2229 2585 2525 2633 errorem
2559 2568 2812 2633 ducant

460 2691 635 2755 alios
703 2692 784 2756 de
852 2692 1157 2773 ipsorum
1223 2693 1541 2774 opinione
1613 2694 1810 2758 seria.
1883 2693 2199 2758 Comicus
2267 2694 2523 2774 contra,
2582 2692 2692 2757 cui
2738 2693 2807 2755 in

462 2814 782 2880 medullis
841 2816 1079 2882 haeret
1126 2817 1531 2882 facetiarum
1580 2818 1845 2898 cupido,
1897 2817 2069 2882 nihil
2114 2818 2312 2882 curat
2359 2832 2644 2899 erroreS,
2693 2816 2806 2880 sed

457 2941 727 3020 slaqitat
772 2943 859 3005 ab
906 2942 1333 3006 auditoribus
1378 2943 2020 3024 spectatoribusque
2075 2946 2157 3006 ut
2201 2942 2481 3022 rideant,
2531 2940 2574 3004 i.
2623 2957 2680 3006 e.
2731 2944 2811 3004 ut

459 3062 743 3130 ridendo
789 3065 1177 3146 significent
1227 3066 1510 3130 minime
1556 3084 1630 3131 se
1678 3083 1798 3147 pro
1847 3065 2046 3130 seriis
2091 3065 2433 3146 accepisse
2479 3081 2654 3144 quae
2693 3063 2808 3128 ille

462 3205 587 3270 per
630 3189 855 3253 iocum
902 3189 1175 3254 dixerit.

555 3441 591 3514 5
638 3438 699 3500 4.
766 3437 993 3500 Aliam
1040 3437 1353 3517 denique,
1402 3453 1493 3500 sc.
1542 3436 1822 3500 tertiam
1871 3452 2146 3500 causam
2195 3434 2626 3498 indicandam
2659 3450 2808 3498 6336

460 3561 781 3641 arbitror,
850 3579 971 3624 cur
1016 3562 1316 3624 comicus
1363 3563 1598 3624 noster
1642 3560 1773 3624 sibi
1822 3560 2196 3640 sumpserit
2241 3563 2321 3642 ut
2367 3564 2474 3624 τὸν
2529 3557 2806 3622 ’Ἀδικον

462 3689 685 3765 Λόγον
733 3687 987 3750 faceret
1036 3685 1446 3749 vincentem.
1532 3684 2036 3764 Quaestionem,
2089 3701 2252 3747 num
2300 3683 2370 3765 ii,
2419 3684 2536 3765 qui
2582 3684 2808 3749 iustae

460 3814 845 3893 probaeque
914 3810 1057 3874 sint
1109 3809 1378 3889 indolis,
1428 3813 1821 3874 mereantur
1866 3807 2159 3888 laudem,
2209 3808 2554 3890 honorem,
2603 3807 2808 3873 felici-

460 3939 700 4017 tatem,
734 3951 907 4015 quae
932 3934 1292 4014 provenire
1325 3934 1589 3998 soleant
1612 3950 1699 3996 ex
1722 3933 2032 3997 iustitiae
2057 3932 2555 4013 probitatisque
2577 3933 2807 3998 studio

458 4063 535 4124 et
592 4058 1120 4141 consectatione,
1182 4057 1463 4139 proinde
1525 4074 1605 4121 ac
1652 4056 1942 4138 improbi
1989 4055 2385 4136 iniustique,
2431 4057 2804 4120 secundum

460 4185 801 4248 humanas
881 4183 963 4246 de
1048 4182 1317 4246 iustitia
1390 4181 1723 4262 notiones,
1795 4180 2118 4244 dedecore
2185 4182 2396 4259 atque
2463 4179 2808 4244 doloribus

461 4308 804 4372 habentur
865 4305 1051 4386 digni
1100 4341 1179 4350 —-
1231 4304 1701 4384 quaestionem
1767 4303 1954 4368 illam
2014 4303 2086 4366 in
2147 4303 2327 4366 seria
2395 4303 2477 4366 de
2537 4302 2807 4368 iustitia

460 4430 945 4510 iniustitiaquo
1012 4428 1477 4510 disputatione
1546 4426 1796 4506 negligi
1867 4443 2003 4491 non
2073 4427 2338 4491 licebat.
2410 4427 2803 4507 Antequam

462 4556 839 4637 videamuS,
904 4572 1071 4618 num
1136 4553 1632 4633 Aristophanes
1678 4551 1848 4616 talia
1895 4550 2319 4630 cogitaverit,
2369 4549 2569 4631 paulo
2615 4566 2804 4615 accu-

461 4682 683 4744 ratius
748 4679 1043 4743 fortasse
1098 4683 1207 4742 cst
1252 4676 1798 4757 significandum,
1848 4675 2009 4756 quid
2059 4675 2374 4738 velimus.
2445 4674 2805 4738 Faciamus

460 4804 761 4884 aliquem
811 4803 1074 4867 iustum
1122 4819 1272 4867 esse
1320 4818 1454 4865 non
1501 4818 1587 4865 ex
1636 4817 1885 4880 magua
1931 4799 2181 4862 virium
2232 4799 2635 4880 intentione,
2669 4816 2804 4863 non
