3478 5737
1857 572 1981 635 112

746 768 980 832 Denuo
1027 768 1241 847 igitur
1289 768 1433 848 ipse
1476 766 1774 846 agricola
1821 740 2107 847 rid-etur,
2157 766 2318 831 dum
2353 766 2654 831 Socratis
2679 768 3091 849 explanatiO,

744 891 1078 973 agricolae
1148 890 1526 972 decipiendi
1576 906 1784 953 causa
1827 889 2154 972 adhibita,
2203 888 2624 971 lepidissima
2666 908 2708 955 a
2759 894 3094 973 spectato·

747 1017 940 1080 ribus
1012 1016 1343 1079 habeatur
1411 1030 1687 1078 necesse
1757 1017 1884 1078 est.
1932 1013 1986 1089 1)
2055 1014 2401 1095 RusticuS,
2475 1031 2629 1079 cum
2703 1032 2776 1078 se
2825 1016 3094 1080 muneri

747 1140 1080 1221 imparem
1145 1156 1224 1203 ac
1280 1138 1448 1201 risui
1498 1138 1732 1203 haberi
1782 1137 2038 1202 sentiat
2085 1138 2394 1218 nihilque
2441 1138 2699 1206 talibus
2744 1139 2872 1204 sibi
2923 1156 3096 1221 opus

748 1282 917 1345 esse,
987 1281 1159 1344 quae
1225 1263 1308 1327 ad
1382 1278 1582 1326 usum
1656 1262 1844 1325 vitae
1914 1261 2273 1326 transferri
2329 1266 2695 1343 nequeant,
2745 1263 2974 1327 subito
3021 1280 3094 1327 se

747 1388 1072 1468 colligens
1150 1386 1501 1451 Socratem
1581 1390 1918 1469 precatur,
2001 1390 2080 1450 ut
2148 1402 2220 1451 36
2290 1386 2528 1451 doceat
2595 1386 2732 1468 illa,
2804 1404 3090 1467 quorum

745 1513 965 1594 gratia
1013 1511 1283 1575 venerit
1327 1517 1454 1587 (vs.
1502 1511 1629 1573 237
1677 1516 1835 1589 sq.):

1010 1638 1105 1699 ’ἴθι
1154 1661 1292 1713 νυν,
1339 1637 1675 1721 κατάβηθ’,
1724 1633 1773 1698 ὦ
1823 1635 2282 1719 Σωκρατίδιον,
2331 1640 2414 1709 ὡς
2461 1637 2584 1717 ἐμέ,

1005 1761 1115 1825 ἳνα
1160 1788 1231 1842 με
1278 1740 1535 1849 διδάξῃις
1586 1758 1791 1845 ὧνπερ
1835 1760 1990 1825 ἕνεκ’
2040 1760 2337 1842 ἐλήλυθα.

746 1888 1040 1968 Roganti
1084 1886 1372 1970 Socrati,
1416 1906 1547 1968 quo
1586 1887 1870 1953 consilio
1904 1888 2195 1967 venerit,
2231 1885 2598 1967 respondet
2631 1884 3095 1966 Strepsiades:

1548 2012 1929 2099 βουλόμενος
1989 2020 2290 2094 μαθεῖν
2356 2009 2643 2089 λέγειν.

1018 2141 1138 2200 ὑπὸ
1184 2142 1304 2221 γὰρ
1352 2140 1554 2202 τόκων
1606 2142 1885 2223 χρήστων
1937 2165 1997 2203 τε
2048 2136 2547 2203 δυσκολωτάτων

1012 2264 1267 2343 ἄγομαι,
1314 2265 1597 2347 φέρομαι,
1648 2266 1724 2329 τὰ
1775 2264 2039 2350 χρήματ’
2088 2264 2553 2349 ἐνεχυράζομαι.

750 2388 987 2452 Libere
1049 2388 1259 2469 igitur
1320 2393 1391 2453 et
1452 2390 1603 2453 sine
1662 2391 2066 2470 ambagibus
2131 2389 2428 2469 agricola
2487 2388 2559 2452 et
2619 2384 2980 2451 consilinm
3029 2383 3100 2445 et

748 2530 1049 2595 causam,
1136 2530 1271 2593 qua
1339 2514 1604 2594 cogitur
1673 2517 1754 2577 ut
1822 2513 2135 2577 addiscat
2207 2510 2471 2576 dicendi
2539 2513 2781 2588 artem,
2854 2506 3097 2587 aperit,

750 2654 1024 2701 omnem
1093 2654 1285 2717 spem
1348 2636 1800 2717 fiduciamque
1863 2638 1935 2701 in
2000 2636 2300 2702 Socratis
2363 2634 2700 2699 collocans
2759 2630 3099 2712 sapientia

756 2761 1386 2842 benevolentiaque,
1470 2763 1762 2843 serioque
1843 2762 2050 2841 addit,
2137 2760 2452 2841 opinione
2521 2757 2696 2822 falsa
2765 2772 2890 2819 sua
2959 2753 3098 2837 illa·

753 2888 1082 2964 queatus:

1017 3009 1182 3072 ἀλλά
1226 3035 1299 3091 με
1346 3009 1603 3083 δίδαξον
1656 3016 1761 3074 τὸν
1807 3007 2010 3092 Γἕτερον
2062 3024 2193 3074 τοῖν
2245 3023 2376 3073 σοῖν
2426 3007 2640 3087 λόγοιν

1020 3137 1126 3198 τὸν
1173 3133 1365 3218 μηδὲν
1414 3134 1826 3199 ἀποδιδόντα.
1898 3139 2126 3217 μισθὸν
2176 3135 2254 3217 δ’,
2306 3133 2502 3204 ὅντιν’
2550 3133 2628 3197 ἂν

1020 3261 1263 3344 πράττῃ
1310 3262 1398 3342 μ’,
1448 3263 1724 3341 ὀμοῦμαί
1772 3283 1865 3324 σοι
1915 3265 2288 3341 καταθήσειν
2341 3263 2484 3332 τοὺς
2533 3261 2730 3330 θεούς.

756 3381 925 3462 Quid
963 3385 1213 3449 mirum
1243 3384 1596 3450 Socratem
1624 3404 1712 3450 ex
1736 3386 2072 3466 agricolae
2096 3386 2413 3467 opinione
2439 3389 2666 3465 μισθὸν
2695 3385 3098 3466 πράττεσθαι.

833 3584 882 3664 1)
944 3584 1219 3644 Kockius
1281 3607 1403 3645 non
1456 3594 1619 3646 recte
1676 3607 1754 3645 m.
1813 3588 1850 3644 i.
1898 3588 1976 3646 ad
2015 3607 2104 3646 VS.
2149 3589 2267 3646 234
2318 3593 2593 3645 annotat:
2643 3585 2808 3660 „Der
2847 3583 3102 3641 Dichter

755 3689 1061 3756 vers-pollet
1134 3683 1244 3742 des
1323 3685 1609 3743 Sokrates
1674 3685 2074 3744 Gewohnheit
2135 3686 2302 3744 seine
2363 3685 2850 3762 Behauptungen
2911 3680 3100 3739 durch

756 3780 1060 3858 Beispiele
1116 3803 1223 3841 aus
1266 3783 1405 3841 dem
1447 3783 1905 3860 gewtihnlichen
1945 3783 2156 3842 Leben
2197 3804 2268 3841 zu
2313 3781 2671 3842 erlautern.”
2736 3779 3102 3838 Rectissime.

754 3878 903 3936 mihi
970 3879 1214 3938 videtur
1277 3881 1625 3940 Leeuwenii
1696 3881 1776 3939 ad
1845 3880 2006 3940 hunc
2058 3900 2301 3939 versum
2357 3879 2728 3940 observatio:
2790 3877 3102 3951 „obruitur

751 3975 917 4034 hisce
974 3977 1249 4036 omnibus
1293 3978 1529 4056 (nempe
1574 3980 1880 4056 congestis
1921 3979 2428 4056 philosophorum,
2473 3979 2726 4037 aliorum
2768 3975 3100 4036 observati-

756 4072 968 4132 onibus
1030 4074 1107 4132 de
1169 4077 1455 4133 nasturtii
1518 4077 1642 4134 acri
1696 4095 1911 4153 sapore
1968 4077 2106 4156 cet.)
2162 4077 2328 4135 iocus
2389 4077 2600 4135 comici
2655 4081 2718 4133 et
2771 4072 3102 4132 offuscatur

758 4171 887 4228 eius
942 4170 1249 4230 acumen.'’
1329 4171 1501 4245 Quae
1558 4179 1759 4232 autem
1815 4175 2090 4248 sequitur
2146 4175 2506 4250 coniectura,
2550 4179 2788 4251 poetam
2831 4169 3100 4230 alludere

760 4302 833 4309 —
877 4269 928 4326 si
974 4267 1125 4327 bene
1168 4271 1456 4346 intellego
1497 4290 1705 4328 vocem
1755 4272 1972 4344 „echo”
2020 4306 2092 4314 —
2125 4272 2204 4330 ad
2232 4273 2734 4350 comparationem
2762 4289 2880 4345 qua
2907 4271 3104 4326 utitur

758 4365 1035 4424 Socrates
1078 4367 1427 4426 Platonicus
1469 4368 1532 4425 in
1572 4367 1691 4426 fine
1734 4369 1994 4428 Phaedri
2038 4370 2266 4446 dialogi
2309 4369 2385 4447 (p.
2429 4371 2545 4428 276
2577 4369 2673 4446 B),
2701 4368 2849 4427 mihi
2875 4367 3101 4426 idcirco

755 4464 1100 4522 verisimilis
1142 4484 1261 4523 non
1302 4465 1561 4542 videtur,
1608 4467 1750 4541 quia
1790 4465 1922 4525 fieri
1963 4488 2082 4526 non
2123 4469 2339 4545 potuit,
2384 4471 2455 4524 ut
2481 4464 2922 4544 spectatoribus
2951 4465 3102 4522 satis

758 4569 919 4619 esset
962 4568 1184 4638 notum,
1231 4563 1537 4622 Socratem
1580 4565 1902 4640 aliquando
1946 4564 2292 4622 adhibuisse
2323 4565 2841 4641 comparationem,
2866 4562 3102 4637 qualem

759 4659 934 4716 Plato
1010 4660 1214 4734 refert,
1291 4681 1501 4736 neque,
1581 4664 1633 4720 si
1698 4663 1844 4738 quid
1907 4663 2102 4738 vide0,
2167 4661 2348 4720 faceti
2412 4663 2640 4737 aliquid
2702 4661 2798 4720 vel
2861 4659 3100 4717 ridiculi

760 4755 1011 4816 haberet
1053 4759 1131 4816 ad
1172 4760 1318 4817 talia
1358 4760 1642 4819 alludere.
