3478 5737
1123 1305 2068 1400 PROOEMIUM.

1377 1568 1417 1580 Λα
1426 1569 1560 1580 ινφ-Μ
1569 1569 1801 1580 mm

485 1872 592 1938 De
639 1875 1120 1960 singulorum
1170 1875 1452 1940 civium
1503 1876 1883 1942 libertatis
1931 1877 2209 1942 studiis
2256 1877 2720 1961 reipublicae

1109 2017 1340 2083 saluti
1389 2038 1616 2100 saepe
1665 2019 2067 2101 oppositis·

509 2266 901 2346 Numquam
951 2267 1270 2332 desinent
1315 2267 1496 2332 inter
1535 2285 1683 2332 sese
1715 2268 2101 2332 discordare
2134 2271 2342 2349 atque
2374 2269 2758 2350 discrepare

415 2409 727 2458 summae
773 2393 890 2457 illa
936 2393 1372 2474 perfect-ionis
1419 2393 1642 2472 imago
1690 2395 1921 2458 animo
1954 2393 2349 2458 mortalium
2387 2395 2759 2460 informata

411 2533 492 2580 ac
552 2535 780 2582 rerum
843 2517 1162 2598 vitaeque
1227 2522 1478 2582 natura
1522 2519 1691 2600 ipsa.
1765 2517 1905 2582 Nec
1956 2518 2177 2599 magis
2224 2535 2555 2600 umquam
2604 2537 2750 2584 con-

411 2641 635 2722 tinget
678 2657 1084 2722 componere
1133 2659 1448 2723 pugnam,
1499 2659 1672 2722 quae
1719 2644 1903 2707 inter
1940 2642 2365 2724 singulorum
2399 2643 2755 2708 commoda

408 2767 618 2844 atquc
705 2765 1064 2830 universae
1151 2765 1564 2848 reipublicae
1649 2783 1991 2830 summam
2077 2765 2254 2830 solet
2338 2767 2757 2832 intercedere

408 2890 722 2954 salutem.
757 2891 834 2955 Iu
871 2894 1278 2971 perpetuum
1314 2891 1468 2957 illae
1501 2892 1965 2956 dissensiones
1996 2891 2249 2971 illaque
2284 2908 2512 2972 pugna
2536 2892 2757 2973 poetis

407 3018 479 3079 et
515 3014 938 3097 philosophis
969 3015 1464 3095 cogitationum
1505 3015 2299 3095 commentationumque
2333 3018 2754 3097 praebebunt

410 3139 808 3219 materiem3
883 3156 1056 3219 quae
1123 3140 1758 3223 commentationes,
1830 3140 2195 3205 dummodo
2265 3140 2452 3221 vulgi
2522 3142 2751 3221 captui

406 3266 550 3326 sint
615 3264 1188 3345 accommodatae,
1259 3264 1518 3328 civium
1587 3264 1857 3328 animos
1926 3280 2301 3343 numquam
2376 3280 2511 3328 non
2576 3280 2747 3328 com·

405 3388 783 3451 movebunt
828 3404 908 3452 ac
953 3387 1378 3453 detinebunt.
1442 3388 1751 3452 Suscitat
1794 3390 2029 3452 autem
2076 3390 2147 3452 et
2192 3388 2318 3452 alit
2367 3390 2745 3470 poetarum,

405 3511 980 3593 philosophorum,
1049 3511 1518 3576 multitudinis
1579 3512 1794 3575 animi
1856 3511 2327 3579 attentionem,
2378 3511 2527 3592 ipsa
2592 3529 2748 3575 con-

406 3636 896 3699 troversiarum
961 3609 1616 3701 reco'nciliandarum
1678 3634 2085 3716 difficultas3
2132 3652 2375 3717 nempe
2424 3636 2745 3700 veritatis

403 3759 630 3824 studio
693 3762 764 3824 et
821 3777 1052 3825 amore
1115 3761 1333 3841 magis
1395 3761 1610 3825 teneri
1676 3761 1903 3825 solent
1964 3760 2287 3825 mortales
2343 3777 2549 3839 quam
2596 3761 2747 3843 ipsa

402 3883 722 3948 veritatis
796 3885 1242 3965 possessione.
1345 3884 1578 3964 Neque
1663 3902 1821 3949 vero
1900 3888 2139 3966 poetae
2209 3887 2282 3949 et
2362 3884 2744 3966 philosophi

399 4024 666 4089 semper
729 4008 890 4087 quid
958 4008 1052 4073 sit
1097 4026 1340 4073 verum
1389 4008 1799 4087 disputando
1848 4008 2319 4073 demonstrare
2368 4026 2562 4089 posse
2610 4009 2741 4073 sibi

401 4131 754 4212 videntum
827 4133 907 4196 de
977 4132 1269 4197 veritate
1339 4132 1822 4213 investiganda
1889 4132 2333 4213 desperantes
2400 4150 2601 4214 saepe
2669 4134 2735 4197 id

395 4260 611 4335 agunt
656 4260 753 4335 ut,
802 4257 873 4319 in
936 4257 1266 4321 dramatis
1311 4260 1433 4320 aut
1480 4256 1725 4336 dialogi
1770 4256 2061 4321 formam
2095 4256 2544 4336 cogitationes
2576 4274 2739 4322 suas

395 4380 798 4460 redigenteS,
861 4380 1043 4443 inter
1104 4380 1412 4445 diversas
1473 4380 1742 4445 fabulae
1802 4397 2129 4461 personas
2188 4380 2502 4444 dividant
2563 4398 2737 4460 quae

395 4503 466 4567 in
531 4506 898 4583 utramque
959 4506 1226 4585 partem
1274 4507 1398 4568 aut
1445 4505 1530 4567 ab
1578 4504 1765 4567 omni
1814 4506 2009 4585 parte
2056 4503 2336 4583 cupiant
2380 4503 2736 4585 disputari.

484 4626 648 4690 Inde
731 4628 816 4691 ab
884 4627 1388 4707 antiquissimis
1457 4628 1883 4708 temporibus
1952 4627 2263 4706 utrisque
2334 4628 2516 4693 cordi
2588 4634 2738 4695 erat

391 4749 820 4829 singulorum
903 4750 1158 4815 civium
1237 4770 1314 4816 ac
1395 4752 1808 4833 reipublicae
1878 4750 2317 4816 reconciliare
2385 4755 2737 4817 commoda

2632 4878 2660 4930 1
