3478 5737
1831 593 1915 658 18

777 789 1044 854 Summi
1107 788 1439 852 momenti
1503 791 1669 852 sunt
1729 805 1905 868 quae
1968 788 2168 854 Polit.
2231 788 2351 854 ΙΙΙ.
2420 791 2519 853 11.
2586 789 2627 853 6
2678 789 3035 856 contendit

689 914 1138 979 Aristoteles:
1190 912 1340 978 ὥστε
1388 912 1579 997 δῆλον
1630 911 1723 976 ὃτι
1774 917 1857 976 τὸ
1906 913 2236 978 δίκαιον
2286 915 2611 998 ζητοῦντες
2658 919 2742 979 τὸ
2788 917 3037 996 μέσον

689 1039 977 1124 ζητοῦσιν
1059 1042 1091 1102 ὁ
1137 1044 1257 1122 γὰρ
1304 1041 1494 1120 νόμος
1541 1043 1610 1103 τὸ
1655 1041 1861 1120 μέσον.
1912 1039 2170 1105 Deinde
2202 1043 2591 1120 Sequuntur
2620 1041 3033 1106 Observatio-

692 1182 817 1229 nes
841 1181 1012 1244 quas
1039 1163 1383 1229 hodiernis
1405 1163 1912 1244 legislatoribus
1936 1165 2009 1228 et
2032 1162 2551 1244 magistratibus
2570 1181 2839 1245 semper
2857 1166 3040 1231 cordi

689 1307 838 1354 esee
879 1290 1270 1370 oportebat:
1325 1289 1508 1369 leges
1551 1295 1713 1366 (non
1764 1289 2101 1370 scriptas),
2145 1305 2319 1368 quae
2360 1289 2666 1354 moribus
2704 1289 3039 1372 nitantur,

693 1414 1016 1479 maiorem
1069 1414 1316 1478 habere
1363 1413 1854 1478 auctoritatem
1904 1430 2109 1492 quam
2158 1412 2339 1492 leges
2384 1413 2696 1496 scriptae,
2724 1431 3039 1498 eumque,

693 1539 808 1618 qui
870 1539 1281 1619 reipublicae
1345 1537 1625 1618 praesit,
1690 1536 2108 1616 superiorem
2168 1553 2317 1600 esse
2378 1538 2733 1618 (oportere)
2780 1538 3043 1618 legibus

691 1663 984 1743 scriptis,
1035 1662 1298 1742 legibus
1341 1664 1579 1726 autem
1625 1663 1785 1738 (non
1836 1659 2155 1740 scriptis),
2206 1677 2379 1738 quae
2426 1660 2499 1724 in
2549 1662 2855 1726 moribus
2902 1663 3044 1728 sint

695 1787 975 1869 positae,
1024 1786 1438 1851 inferiorem.
1487 1785 1574 1849 Fra
1625 1787 2120 1868 κυριώτεροι
2182 1821 2241 1828 -
2288 1787 2369 1848 ut
2398 1783 2618 1864 ipsius
2642 1788 2852 1851 verba
2874 1787 3044 1852 refe-

695 1929 930 1977 ramus
1024 1949 1086 1956 -
1175 1915 1278 1974 καὶ
1365 1916 1500 1992 περὶ
1588 1909 1979 1992 κυριωτέρων
2069 1921 2223 1974 τῶν
2310 1914 2519 1973 κατὰ
2603 1911 3043 1992 γράμματα

696 2039 959 2117 νόμων
1030 2041 1106 2100 οἱ
1176 2041 1383 2100 κατὰ
1455 2041 1546 2100 τὰ
1608 2035 1757 2119 ἔθη
1824 2037 2059 2112 εἰσίν,
2124 2033 2275 2098 ὥστε
2324 2048 2449 2098 τῶν
2499 2039 2661 2100 κατὰ
2706 2039 3043 2118 γράμματα

695 2164 1035 2246 ἄνθρωπος
1080 2163 1289 2247 ἄρχων
1339 2161 1810 2244 ἀσφαλέστερος,
1857 2159 1997 2224 ἀλλ’
2046 2165 2119 2225 οὐ
2168 2173 2293 2225 τῶν
2343 2161 2503 2224 κατὰ
2550 2165 2619 2224 τὸ
2666 2161 2828 2236 3009.

788 2395 976 2460 Haec
1035 2393 1212 2459 serio
1273 2396 1347 2459 et
1406 2411 1448 2457 a
1509 2392 1951 2474 philosophie,
2011 2393 2183 2456 viris
2227 2385 2675 2476 gravissimis,
2732 2395 3049 2475 exposita

699 2520 1006 2602 saepius;
1069 2519 1185 2583 sed
1249 2535 1384 2582 non
1449 2517 1679 2582 minus
1732 2518 1974 2582 acerbe
2034 2534 2115 2582 ac
2170 2517 2476 2597 graviter
2522 2517 3045 2600 AristophaneS,

700 2645 1019 2725 quamvis
1056 2643 1356 2708 comicus
1401 2645 1474 2706 et
1519 2641 1903 2721 cavillator,
1951 2645 2025 2706 et
2070 2640 2555 2706 democratiam
2604 2645 2676 2707 et
2720 2644 3041 2725 populum

700 2771 924 2851 ipsum
973 2767 1204 2832 verbis
1250 2765 1581 2846 castigare
1627 2781 1839 2829 ausus
1886 2768 2017 2830 est.
2068 2765 2413 2830 Nonnulla
2458 2766 2669 2830 etiam
2709 2767 2916 2833 huius
2940 2785 3044 2834 ca·
3148 2757 3153 2762 ’

701 2895 1080 2961 villationis
1124 2892 1491 2957 afferemus
1537 2890 1875 2971 exempla.

791 3020 869 3084 In
919 3019 1247 3099 Equitum
1294 3016 1525 3080 fabula
1571 3015 2079 3097 spectatoribus
2112 3014 2414 3079 ostendit
2446 3020 2552 3080 τὸν
2588 3016 2787 3098 δῆμον
2820 3020 3043 3101 ipsum

705 3148 786 3210 ut
877 3160 1111 3208 senem
1203 3140 1518 3223 debilem,
1609 3139 2035 3221 singulorum
2126 3138 2356 3220 populi
2436 3140 2687 3205 ducum
2767 3144 3048 3209 arbitrio

705 3269 1099 3335 obnoxium.
1163 3265 1481 3345 Legimus
1528 3281 1630 3329 vs.
1679 3264 1767 3328 40
1813 3280 1999 3345 sqq.:

1772 3385 1902 3476 νῷν
1952 3392 2073 3470 γὰρ
2119 3387 2245 3452 ’ἐστι
2294 3388 2595 3473 δεσπότης

1196 3498 1490 3579 ἄγροικος
1539 3499 1751 3579 ὀργήν,
1804 3496 2195 3579 κυαμοτρώξ,
2242 3497 2607 3583 ἀκράχολος,

1200 3611 1408 3688 Δῆμος
1455 3606 1802 3688 ΙΙυκνίτης,
1849 3604 2153 3669 δύσκολον
2202 3608 2518 3688 γερόντιον

1198 3715 1563 3793 ὑπόκωφον.
1609 3709 1789 3786 οὗτος
1835 3708 1910 3797 τῇ
1958 3723 2225 3797 προτέρᾳ
2274 3716 2585 3798 νουμηνίᾳ

1195 3824 1452 3904 ἐπρίατο
1502 3819 1755 3903 δοῦλον,
1803 3822 2203 3907 βυρσοδέψην
2250 3821 2676 3904 Παφλαγόνα,

1199 3930 1717 4009 πανουργότατον
1770 3934 1874 3992 καὶ
1916 3928 2386 4015 διαβολώτατόν
2436 3956 2597 3994 τινα.

802 4045 921 4110 Vs.
977 4046 1145 4109 1355
1193 4046 1405 4127 pudet
1453 4044 1780 4126 populum
1828 4045 2135 4127 priorum
2185 4050 2659 4127 peccatorum:

1201 4170 1581 4254 αἰσχύνομαί
1629 4194 1722 4233 τοι
1774 4184 1909 4243 ταῖς
1956 4167 2254 4252 πρότερον
2294 4173 2646 4252 ἁμαρτίαις.

803 4294 1193 4375 Respondet
1241 4294 1720 4374 Agoracritus:

1199 4418 1339 4483 ἀλλ’
1391 4424 1463 4482 οὐ
1511 4424 1586 4482 σὺ
1633 4422 1874 4483 τούτων
1924 4420 2142 4499 αἴτιος,
2195 4425 2279 4501 μὴ
2330 4422 2681 4504 φροντίσῃς,

1201 4526 1342 4591 ἀλλ’
1391 4526 1466 4591 οἳ
1526 4549 1600 4590 σε
1665 4526 1886 4591 ταῦτ’
1949 4527 2407 4612 ἐξηπάτων.

804 4649 923 4714 Vs.
973 4652 1095 4716 183
1143 4656 1336 4733 rogat
1381 4652 1879 4718 Demosthenes
1926 4652 2353 4717 Isiciarium:
2404 4670 2561 4737 „cur
2595 4655 2665 4716 te
2696 4650 3053 4731 indignum

717 4776 962 4856 putas'’
995 4782 1110 4851 (sc.
1146 4778 1261 4857 qui
1295 4777 1392 4841 sis
1423 4782 1728 4841 ἁπάντων
1764 4777 2028 4863 ἀρχέλας
2059 4785 2187 4856 (vs.
2232 4780 2403 4853 164).
2445 4778 2683 4856 Pergit
2712 4780 2836 4857 (ve.
2868 4776 3053 4851 185):
