3478 5737
1615 603 1699 666 23

569 795 836 862 Harum
905 795 1212 860 thesium
1282 796 1837 877 probabilitatem
1907 796 2018 861 vel
2082 797 2314 877 potius
2374 797 2831 863 stabilitatem

477 920 640 1000 quia
698 937 786 984 ex
850 923 1172 984 accurata
1237 921 1534 985 omnium
1602 920 2269 1002 Aristophanearum
2318 922 2823 988 comoediarum

475 1043 924 1124 inquisitione
983 1045 1410 1124 argumentis
1473 1045 1742 1126 probari
1808 1045 2014 1110 huius
2069 1045 2280 1111 libelli
2336 1047 2645 1112 ambitus
2692 1063 2829 1110 non

475 1169 664 1250 sinit,
727 1185 1084 1250 speramus
1143 1169 1288 1233 sore
1349 1171 1448 1250 ut,
1511 1187 1685 1249 quae
1739 1187 1827 1234 ex
1878 1169 2179 1235 Nubium
2230 1170 2501 1236 fabulae
2550 1171 2829 1235 investi-

473 1293 748 1373 gatione
797 1294 923 1358 hac
969 1293 1051 1358 de
1091 1311 1162 1358 re
1195 1295 1461 1360 efficere
1491 1293 1895 1376 poterimus,
1931 1294 2116 1360 hisce
2154 1295 2621 1376 pronuntiatis
2646 1295 2827 1359 vide·

473 1423 682 1482 antur
758 1417 1113 1498 quadrare.
1204 1418 1572 1484 Praeterea
1641 1437 1777 1484 non
1847 1419 2269 1501 dubitamus,
2347 1421 2512 1500 quin
2586 1421 2828 1484 haecce

476 1541 808 1622 ἀξιώματα
892 1542 1151 1607 multas
1219 1561 1396 1623 quae
1467 1544 1538 1607 in
1611 1544 2100 1624 Aristophanis
2168 1545 2534 1609 comoediis
2602 1544 2827 1608 inesse

475 1667 802 1732 videntur
833 1667 1337 1732 controversias
1367 1667 1687 1732 dirimere
1727 1668 2243 1748 multorumque
2268 1669 2575 1732 virorum
2602 1667 2829 1732 docto·

475 1808 630 1856 rum
681 1792 908 1856 varias
951 1791 1033 1854 de
1078 1791 1577 1856 comoediarum
1619 1790 1847 1856 indole
1888 1792 2272 1856 sententias
2318 1791 2826 1872 quadamtenus

473 1914 916 1980 reconciliare
962 1913 1249 1996 possint.

563 2162 601 2241 ς
651 2161 710 2225 7.
805 2161 996 2226 Licet
1041 2161 1250 2225 huius
1295 2160 1424 2226 loci
1473 2177 1608 2225 non
1657 2160 1753 2226 sit
1799 2161 2237 2241 investigare,
2289 2161 2449 2240 quid
2490 2161 2620 2225 sibi
2654 2161 2827 2226 velit

473 2286 584 2350 vis
627 2284 886 2350 comica
926 2285 997 2350 in
1039 2285 1442 2349 universum
1482 2289 1955 2364 quantumque
1996 2284 2064 2348 in
2104 2283 2563 2348 derisionibus
2602 2284 2825 2348 inesse

472 2410 694 2491 possit
756 2408 1174 2487 offensionis,
1246 2411 1584 2489 quantum
1635 2409 1984 2490 utilitatis,
2035 2411 2267 2472 tamen
2314 2407 2485 2472 libet
2532 2407 2821 2473 duorum

471 2536 780 2602 virorum
841 2535 1094 2598 referre
1161 2535 1242 2598 de
1304 2533 1526 2598 ironia
1586 2533 1805 2614 deque
1868 2533 2011 2598 risu
2058 2551 2137 2598 ao
2188 2532 2255 2597 vi
2302 2531 2563 2598 comica
2610 2533 2825 2614 opini-

467 2677 656 2740 oneS,
719 2662 798 2724 ut
857 2661 1184 2740 appareat
1227 2661 1646 2739 quantopere
1696 2659 1941 2722 horum
1990 2656 2293 2722 virorum
2340 2657 2597 2722 iudicia
2642 2657 2825 2722 inter

469 2801 620 2848 sese
694 2784 1084 2866 discrepent
1166 2787 1374 2862 utque
1452 2783 1659 2847 simul
1724 2783 2107 2848 indicemus
2177 2799 2477 2864 quanam
2551 2783 2822 2847 ratione

470 2910 580 2975 vis
639 2909 898 2974 comica
959 2908 1468 2991 Aristophanea
1523 2911 1840 2973 nostrum
1901 2911 2183 2987 tangere
2246 2908 2463 2972 soleat
2510 2908 2821 2972 animum

467 3050 813 3113 quamque
883 3034 1066 3098 viam
1138 3033 1207 3096 in
1279 3031 1584 3097 Nubium
1657 3031 1926 3095 facetiis
1996 3032 2533 3113 interpretandis
2602 3032 2823 3095 simus

471 3157 866 3237 ingressuri.
969 3156 1352 3221 Audiamus
1448 3156 1745 3237 primum
1842 3154 2321 3237 Delapradium
2427 3156 2823 3235 (Questions

469 3281 653 3345 d’art
712 3283 785 3345 et
847 3282 928 3345 de
981 3280 1290 3357 morale):
1345 3279 1698 3364 „L'ironie‚
1750 3280 2159 3345 &est-adire
2206 3280 2575 3361 l’egoisme‚
2624 3280 2813 3344 c’est-

467 3404 680 3469 adire
739 3404 1068 3485 l’orgueil,
1131 3404 1532 3469 &esta-dire
1592 3403 1656 3468 le
1718 3402 1877 3485 mal,
1940 3405 2108 3468 s'est
2154 3403 2337 3485 prise
2375 3403 2555 3467 enfin
2605 3405 2647 3495 a
2694 3420 2818 3467 son

471 3529 806 3595 veritable
873 3528 1169 3610 0111101111,
1239 3530 1281 3593 a
1347 3527 1416 3593 la
1483 3528 1724 3609 verite,
1788 3530 1829 3591 a
1890 3528 1957 3591 la
2019 3527 2391 3609 perfectiori
2460 3527 2717 3608 infinie,
2780 3530 2821 3590 a

469 3653 761 3718 l'amour
818 3651 1076 3717 absolu.
1161 3652 1256 3715 Le
1315 3652 1470 3732 rire,
1536 3651 1708 3715 dans
1754 3650 1823 3715 la
1868 3651 1979 3715 vie
2026 3667 2409 3729 commune,
2460 3651 2639 3714 n’est
2687 3666 2817 3729 que

467 3776 707 3841 l’arme
755 3776 921 3841 dont
965 3775 1066 3840 les
1113 3776 1505 3855 mesquines
1552 3780 1620 3840 et
1673 3775 2009 3839 vicieuses
2049 3772 2333 3839 natures
2364 3774 2819 3855 poursuivent

470 3900 568 3965 les
633 3900 872 3966 nobles
931 3900 1417 3965 caracteres...
1491 3901 1553 3964 A
1593 3900 1793 3979 jnger
1841 3916 1965 3963 son
2014 3899 2154 3963 role
2202 3898 2373 3963 dans
2420 3898 2817 3963 l’ensemble

469 4025 586 4089 des
631 4025 890 4104 choseS‚
940 4024 1206 4088 l’ironie
1253 4028 1361 4089 est
1411 4024 1464 4088 le
1481 4022 1827 4105 perpetuet
1860 4024 2227 4104 blaspheme
2264 4040 2387 4104 quc
2424 4024 2514 4087 les
2543 4021 2818 4086 te'ncbres

472 4150 732 4214 lancent
767 4152 984 4213 contre
1025 4150 1094 4214 la
1133 4146 1464 4213 leomicrel’
1515 4148 1961 4229 Perspicuum
1988 4150 2097 4211 cst
2123 4146 2345 4210 virum
2374 4146 2650 4210 doctum
2676 4148 2742 4209 h.
2771 4146 2813 4209 l.

469 4271 910 4354 exceptiones
956 4272 1150 4351 quasi
1198 4271 1518 4335 veritatis
1567 4272 1812 4335 babere
1860 4288 2171 4335 normam
2220 4287 2585 4349 rerumque
2621 4274 2812 4334 natu-

470 4412 612 4460 ram
665 4395 874 4459 nimis
917 4396 1114 4476 seri0‚
1164 4396 1207 4459 i.
1256 4412 1313 4459 e.
1363 4410 1500 4458 non
1546 4396 1633 4459 ab
1681 4394 1867 4458 omni
1914 4396 2111 4473 parte
2145 4393 2575 4457 considerare
2600 4395 2811 4473 atque

472 4518 864 4599 ponderare.

557 4642 776 4708 Multo
791 4642 1116 4708 subtilius
1131 4642 1683 4722 exquisitiusque
1704 4641 1872 4706 mihi
1890 4640 2167 4705 videtur
2184 4639 2489 4705 cunonis
2508 4640 2813 4705 Fischeri

475 4766 796 4832 iudicium
843 4766 1094 4848 (Ueber
1139 4768 1271 4831 den
1321 4766 1534 4845 witz,
1583 4766 1829 4831 Kleine
1877 4766 2220 4831 Schriften
2266 4766 2353 4847 ΙΙ,
2405 4765 2487 4830 79
2534 4766 2701 4846 (31);
