3478 5737
1585 599 1662 662 21

456 793 778 857 factionis
837 793 1306 857 assensionem
1367 796 1578 874 atque
1631 793 1937 858 favorem
1986 795 2047 858 ei
2096 812 2339 874 magno
2385 795 2597 860 fuisse
2644 798 2800 861 sub-

449 917 625 982 sidio
689 917 1108 998 refugioque.
1177 917 1356 982 Fieri
1418 918 1630 998 igitur
1689 923 1937 1000 potest,
2002 924 2081 984 ut
2136 921 2349 984 fuerit
2395 921 2463 984 in
2514 938 2798 985 numero

449 1059 710 1123 eorum,
779 1042 895 1122 qui
945 1042 1224 1106 divitias
1271 1061 1752 1123 summamque
1802 1061 2032 1108 rerum
2080 1061 2203 1108 suo
2250 1045 2319 1108 in
2368 1045 2602 1109 ordine
2650 1064 2797 1108 con-

450 1168 691 1232 iuncta
742 1184 891 1231 esse
939 1185 1234 1247 acquum
1287 1168 1670 1233 iudicarent
1717 1172 1789 1234 et
1838 1170 2015 1233 hano
2062 1172 2147 1234 ob
2194 1187 2469 1234 causam
2510 1170 2797 1234 insolen-

447 1291 591 1355 tius
644 1309 720 1355 se
766 1291 1026 1356 iactare
1074 1292 1376 1356 solerent
1401 1291 1471 1370 1).
1521 1293 1682 1357 Sine
1729 1295 1931 1358 dubio
1978 1295 2236 1358 cadunt
2281 1295 2351 1358 in
2401 1294 2797 1374 Aristopha-

451 1433 628 1494 nem,
681 1433 855 1496 quae
901 1415 1070 1480 dicit
1119 1416 1648 1498 Schopenhauer
1684 1419 1777 1495 (in
1812 1386 2049 1500 opere}
2084 1419 2191 1482 die
2226 1419 2418 1483 Welt
2448 1418 2552 1483 als
2586 1419 2797 1484 Wille

451 1541 586 1605 und
661 1540 1167 1621 Vorstellung):
1246 1541 1403 1624 „der
1487 1541 1728 1606 Vorteil
1798 1543 1923 1606 [ibt
1989 1543 2141 1606 eine
2209 1543 2518 1622 geheime
2570 1543 2799 1607 Macht

451 1666 620 1728 fiber
688 1682 897 1729 unser
967 1665 1190 1730 Urteil
1259 1681 1406 1729 aus,
1481 1665 1650 1729 Was
1719 1666 1863 1730 ihm
1933 1674 2205 1745 gemasz
2274 1667 2387 1748 ist,
2450 1667 2797 1731 erscheint

452 1806 583 1852 uns
645 1788 904 1853 alsbald
972 1788 1181 1869 billig,
1245 1789 1541 1869 gement,
1606 1789 2043 1869 vernunitig;
2111 1807 2257 1854 was
2302 1791 2443 1853 ihm
2495 1791 2794 1854 zuwider

449 1913 561 1992 ist,
623 1911 816 1976 stellt
879 1911 1025 1976 sich
1095 1929 1230 1976 uns
1297 1911 1368 1976 in
1441 1911 1693 1976 vollem
1766 1913 1972 1976 Ernst
2039 1913 2143 1976 als
2213 1915 2589 1992 ungercoht
2656 1914 2792 1977 und

446 2035 883 2099 abscheulich
946 2035 1107 2098 oder
1167 2033 1646 2114 zweckwidrig
1708 2034 1847 2100 und
1905 2036 2156 2101 absurd
2218 2035 2360 2120 dar„
2450 2035 2673 2099 Daher
2720 2053 2795 2100 so

449 2158 626 2223 viele
674 2158 1063 2222 Vorurteile
1109 2159 1219 2224 cles
1266 2157 1564 2239 StancleS,
1614 2159 1734 2223 des
1782 2159 2165 2238 GewerbeS‚
2206 2160 2324 2223 der
2364 2159 2635 2238 Notion,
2676 2161 2795 2224 der

449 2282 679 2365 Sekte,
727 2283 846 2346 der
891 2282 1266 2362 Religion.”

539 2477 730 2558 Quod
797 2481 1031 2543 autem
1102 2481 1303 2560 poeta
1375 2481 1610 2542 noster
1679 2478 1795 2558 qui
1860 2479 2386 2542 democraticam
2452 2479 2791 2560 politiam,

447 2604 774 2684 populum
839 2604 1086 2685 ipsum,
1153 2603 1463 2685 privatos
1526 2605 1712 2668 cives
1773 2604 2075 2683 graviter
2126 2603 2354 2667 verbis
2402 2604 2791 2684 castigaret,

450 2731 682 2792 tamen
741 2731 828 2793 ab
893 2730 1126 2794 eodem
1189 2729 1436 2808 populo
1487 2728 1803 2810 plausum
1853 2728 2019 2792 tulit
2066 2737 2336 2810 (πρῶτος
2383 2729 2567 2792 enim
2616 2731 2791 2792 ἐνίκα

444 2858 604 2919 acta
651 2855 985 2935 Equitum
1024 2855 1296 2938 fabula),
1337 2855 1401 2919 id
1444 2854 1504 2918 is
1541 2855 1738 2919 modo
1778 2853 2159 2936 mirabitur,
2195 2854 2310 2934 qui
2349 2872 2481 2918 non
2510 2854 2789 2936 sent-iet,

449 2984 712 3058 quant-a
774 2979 868 3043 sit
901 2952 1222 3044 ⁸comicae
1269 2980 1442 3044 artis
1485 2980 1887 3043 abscondita
1936 2982 2261 3059 potestas.
2343 2980 2419 3043 In
2468 2980 2793 3043 omnibus

447 3104 814 3167 comoediis
861 3104 1270 3185 reipublicae
1319 3103 1567 3168 salutis
1617 3104 1870 3167 vindex
1905 3105 2239 3167 exsistere
2290 3104 2567 3167 videtur
2606 3105 2788 3166 Aris-

447 3229 784 3308 tophanes
817 3226 888 3309 2),
943 3232 1016 3292 et
1063 3229 1308 3293 idcirco
1355 3248 1396 3293 a
1445 3228 1613 3293 viris
1665 3230 1832 3293 bone
1880 3230 2168 3292 moratis
2211 3233 2317 3292 cst
2348 3230 2790 3309 approbatus

447 3352 765 3433 Indulget
811 3356 1046 3417 autern
1097 3354 1304 3418 simul
1350 3357 1560 3433 atque
1599 3352 1943 3417 blanditur
1994 3390 2041 3397 -
2080 3353 2275 3433 quasi
2308 3356 2535 3416 contra
2574 3352 2789 3431 reipu-

448 3476 660 3541 blicae
707 3478 1060 3542 commoda
1096 3478 1537 3542 —libertatis
1583 3476 1853 3559 studiiS,
1904 3495 2077 3557 quae
2124 3478 2443 3541 omnibus
2490 3477 2789 3541 mortali-

446 3602 574 3665 bus
619 3605 785 3666 sunt
821 3601 1125 3682 propria3
1159 3602 1585 3681 cupididates
1615 3601 2069 3680 libidinesque
2104 3601 2527 3680 singulorum
2562 3602 2787 3665 incen—

443 3726 546 3789 dit
582 3762 642 3769 —
679 3743 816 3806 qua
860 3725 930 3789 in
980 3743 1052 3789 re
1099 3742 1234 3789 non
1282 3726 1570 3790 discedit
1615 3728 1702 3790 ab
1755 3726 2026 3790 Atticae
2074 3726 2457 3789 comoediae
2488 3742 2672 3789 more
2712 3764 2771 3769 —

443 3852 516 3914 et
553 3868 634 3913 ea
663 3850 811 3931 ipsa
847 3850 1274 3929 indulgentia
1309 3850 1612 3931 ipsisque
1654 3849 2035 3931 voluptatis
2076 3849 2563 3913 blandimentis
2601 3866 2780 3913 occa·

441 3974 701 4039 sionem
751 3974 1006 4055 reperit
1051 3991 1265 4055 eaque
1298 3992 1504 4053 quam
1545 3974 1845 4037 maxime
1885 3974 2127 4055 utitur,
2170 3977 2250 4037 ut
2288 3991 2461 4053 quae
2499 3973 2782 4038 medica-

440 4098 630 4162 mina
665 4098 821 4162 aliis
859 4098 1370 4163 condicionibus
1403 4098 1522 4162 vix
1547 4103 1783 4163 essent
1806 4098 2083 4161 ferenda
2108 4102 2317 4177 atquo
2340 4100 2781 4181 absorbenda,

520 4290 567 4368 1)
605 4288 679 4349 cf.
712 4290 1066 4367 Pohlmann‚
1099 4292 1200 4351 die
1230 4290 1516 4368 Anfange
1557 4291 1665 4351 des
1708 4291 2094 4349 Sozialismus
2136 4292 2198 4348 in
2242 4292 2486 4368 Europa
2528 4290 2779 4369 (Histor.

437 4387 732 4447 Zeitschr.
777 4388 952 4447 Band
995 4390 1072 4449 79
1115 4388 1337 4467 (1897),
1379 4408 1437 4465 p.
1481 4386 1641 4467 415).

519 4484 832 4544 Aristotel.
891 4486 1071 4545 Polit.
1127 4485 1302 4545 VIII.
1360 4487 1414 4544 6.
1473 4488 1514 4543 4
1555 4487 1830 4561 (1307a):
1876 4491 1923 4543 ol
1966 4484 2081 4543 δ’έν
2127 4487 2255 4550 ταῖς
2298 4484 2586 4563 εὐπορίαις
2628 4486 2700 4542 ἄν
2746 4487 2777 4559 ἦ

437 4588 708 4640 πολιτεῖαι
753 4585 890 4656 διδῷ
939 4586 1048 4658 τὴν
1093 4586 1412 4661 ὑπεροχήν,
1459 4586 1724 4661 ὑβρίζειν
1771 4586 2019 4659 ζητοῦσι
2066 4590 2162 4639 καὶ
2200 4582 2595 4641 πλεονεκτεῖν.

517 4679 568 4757 2)
611 4678 689 4739 cf.
745 4681 930 4757 Vesp.
978 4682 1161 4739 1043:
1209 4680 1415 4738 τοιόνδ’
1457 4682 1721 4758 εὑρόντες
1764 4682 2146 4757 ἀλεξίκακον,
2194 4685 2301 4755 τῆς
2344 4683 2548 4759 χώρας
2592 4682 2778 4755 τῆσδε

437 4776 760 4857 καθαρτήν
803 4784 916 4839 cet.
