3478 5737
1869 591 1992 653 154

752 786 1010 868 lepidas
1077 803 1156 851 eo
1227 786 1558 866 praebent
1625 784 2109 868 oppositioneS,
2184 786 2361 864 quod
2434 785 2695 851 Chorus
2739 803 2875 851 non
2924 787 3103 851 satis

750 910 1112 991 intellegit,
1177 909 1292 989 qui
1355 910 1495 991 fiat,
1562 914 1640 974 ut
1693 908 2111 991 coyitationes
2156 908 2496 973 rusticum
2544 913 2744 975 tanto
2790 910 3102 975 afficiant

751 1035 1016 1113 dolore;
1088 1051 1223 1097 non
1288 1033 1473 1098 enim
1534 1033 1805 1098 audivit
1866 1034 2128 1099 Chorus
2190 1035 2436 1099 verba:
2501 1035 2904 1117 κακοδαίμων
2951 1038 3101 1117 ἐγώ,

751 1159 890 1223 οἳαν
954 1158 1136 1242 δίκην
1202 1172 1371 1231 τοῖς
1434 1161 1702 1241 κόρεσι
1766 1158 1949 1222 δώσω
2010 1162 2269 1241 τήμερον
2334 1164 2462 1237 (VS.
2526 1162 2659 1225 699
2730 1164 2873 1243 sq.),
2923 1178 3101 1240 quae

749 1284 1253 1365 spectatoribus
1296 1286 1575 1349 tantum
1621 1285 1790 1348 sunt
1836 1284 2207 1349 destinata.

841 1409 1012 1473 Cum
1074 1408 1288 1489 igitur
1348 1408 1652 1473 rusticus
1711 1407 1782 1471 in
1829 1410 2110 1488 grabato
2160 1386 2310 1475 sese
2358 1410 2654 1491 volutat,
2706 1412 2778 1475 et
2826 1410 3101 1476 dolores

747 1538 1033 1611 ἀτταταῖ,
1091 1537 1364 1597 ἀτταταῖ
1415 1533 1860 1597 exclamando
1908 1538 2033 1610 (vs.
2084 1534 2235 1613 706)
2284 1535 2643 1617 significat,
2698 1553 2832 1601 non
2882 1536 3099 1615 suspi-

747 1662 946 1723 catur
1010 1656 1290 1738 chorus,
1357 1656 1534 1737 quod
1597 1674 1807 1723 cavea
1866 1657 2005 1722 iam
2053 1658 2412 1739 intellegit,
2466 1676 2595 1723 non
2648 1657 2874 1724 solum
2920 1659 3099 1739 agri-

749 1781 933 1848 colae
1015 1782 1325 1862 gestibus
1405 1781 1518 1845 sed
1589 1780 1800 1845 etiam
1872 1781 2151 1846 disertis
2222 1782 2451 1847 verbis
2518 1788 2644 1864 (vs.
2716 1784 2868 1865 634,
2942 1784 3100 1861 699)

749 1906 998 1971 certior
1068 1905 1268 1971 facta.
1353 1903 1756 1969 Sententiae
1812 1905 2025 1984 igitur
2086 1904 2508 1986 ambiguitas
2568 1910 2875 1988 apparet,
2940 1924 3096 1971 cum

749 2033 1168 2113 spectatores
1214 2028 1510 2094 Chorum
1557 2027 1849 2093 audiunt
1896 2030 2248 2094 iubentem
2296 2034 2421 2106 (vs
2471 2030 2601 2093 700
2647 2034 2857 2109 sqq.):

843 2154 1124 2238 φρόντιζε
1172 2154 1247 2234 δὴ
1297 2158 1401 2215 καὶ
1451 2152 1805 2237 διάθρει,
1856 2154 2123 2217 πάντα
2172 2156 2481 2235 τρόπον
2534 2130 2606 2218 νε
2656 2158 2960 2217 σαυτὸν

932 2282 1256 2365 στρόβει
1322 2279 1759 2351 πυκνώσας
1821 2278 2181 2357 (rusticum
2230 2296 2381 2343 sese
2432 2260 2866 2343 volutantem
2912 2279 3099 2344 cimi-

1017 2422 1263 2484 cesque
1310 2404 1843 2484 investigantem
1897 2403 2085 2467 videt
2131 2409 2381 2480 cavea).

929 2534 1119 2615 ταχιῖνς
1167 2528 1245 2606 δ’,
1292 2526 1442 2593 ὅταν
1489 2533 1602 2602 εἷς
1648 2530 1957 2611 ἄπορον
2008 2530 2251 2611 πέσῃς

1017 2657 1128 2719 ἔπ’
1177 2653 1375 2719 ἄλλο
1423 2656 1640 2737 πήδα

929 2774 1134 2856 νόημα
1181 2771 1431 2857 φρενός·
1493 2772 1749 2844 ὕπνος
1810 2771 1866 2833 δ’
1930 2772 2251 2833 ἀπέστω
2297 2769 2841 2851 γλυκύθυμος
2889 2774 3101 2853 ὀμμά-

1015 2925 1140 2963 των
1211 2900 1300 2976 (id
1347 2899 1546 2964 facile
1593 2898 1765 2978 fieri,
1816 2896 2141 2977 perspicit
2190 2900 2446 2972 cavea).

841 3024 1214 3104 Postquam
1262 3023 1526 3087 Chorus
1572 3022 1874 3101 rogavit:
1925 3022 1984 3084 τί
2032 3021 2303 3105 πάσχεις,
2352 3024 2413 3084 τί
2445 3022 2735 3101 κάμνειςς
2782 3021 3097 3102 responsi

749 3149 1199 3229 ambiguitate
1259 3147 1478 3226 magis
1537 3146 1747 3210 etiam
1816 3147 1885 3210 in
1948 3162 2253 3210 errorem
2310 3146 2677 3228 inducitur,
2726 3146 3099 3226 agricolam

751 3287 838 3360 τῷ
885 3273 1230 3357 φροντίζειν
1278 3271 1499 3335 solum
1547 3273 1907 3349 tantopere
1954 3271 2241 3334 cruciari
2280 3270 2623 3353 opinatus.
2690 3271 2869 3336 Dicit
2905 3271 3101 3334 enim

749 3399 1051 3463 rusticus
1096 3402 1238 3470 τοὺς
1284 3395 1668 3477 Κορινθίους
1713 3410 1787 3456 se
1838 3411 2111 3474 vexare,
2160 3395 2357 3474 quasi
2405 3397 2694 3460 molestis
2736 3395 2817 3458 dc
2866 3395 3103 3459 Corin·

749 3521 918 3586 thiis
999 3521 1498 3604 coyitatiombus
1574 3533 1961 3599 oppressus.
2058 3519 2285 3582 Cavea
2355 3519 2685 3583 nimirum
2754 3519 3105 3598 intellegit

748 3646 1030 3724 quinam
1099 3646 1242 3710 sint
1307 3644 1408 3708 illi
1478 3669 1606 3726 κορ.
1638 3645 1893 3706 ..ίνθιοι
1974 3643 2081 3718 ((16
2162 3643 2443 3708 huiusce
2519 3644 2791 3723 generis
2874 3645 3105 3708 ironia

747 3769 1060 3834 scaenica
1122 3773 1362 3850 postea
1409 3769 1817 3848 videbimuS,
1882 3785 1937 3830 c.
1990 3767 2071 3847 V,
2124 3771 2159 3843 ἓ
2212 3767 2268 3848 1,
2320 3786 2380 3848 p.
2436 3769 2603 3844 168).
2662 3767 2789 3832 Vis
2836 3768 3106 3833 comica

748 3893 814 3957 h.
863 3892 905 3957 1.
986 3909 1064 3956 eo
1139 3897 1450 3976 augetur,
1522 3891 1700 3972 quod
1772 3890 2071 3955 rusticus
2137 3891 2489 3954 acerrimis
2562 3892 2842 3956 vocibus
2910 3891 3103 3956 inde·

747 4016 1058 4095 corisque
1135 4017 1358 4080 verbis
1425 4019 1550 4096 (vs.
1623 4015 1752 4078 713
1824 4017 1951 4092 sq.)
2020 4013 2285 4078 dolores
2351 4015 2711 4098 significat,
2776 4015 3106 4095 quodque

749 4139 863 4218 qui
925 4144 1132 4204 antea
1193 4144 1336 4204 tam
1395 4139 1822 4219 impavidum
1894 4155 1966 4200 sc
2015 4139 2337 4218 praebere
2384 4140 2671 4221 studuit,
2719 4139 2858 4204 iam
2907 4140 3105 4204 cimi—

748 4279 905 4326 cum
969 4263 1283 4327 innocuis
1344 4263 1684 4327 morsibus
1748 4278 1820 4325 se
1884 4261 2265 4341 periturum
2330 4264 2709 4329 arbitratur
2764 4269 2891 4340 (vs.
2945 4265 3105 4346 715,

751 4387 898 4467 722,
950 4387 1122 4463 725).
1196 4387 1481 4469 ChoruS,
1530 4386 1614 4450 de
1662 4384 1860 4464 κόρεσι
1910 4385 2004 4448 nil
2054 4385 2467 4469 suspicatus,
2517 4387 2852 4451 consolari
2902 4405 3108 4452 cona-

749 4512 864 4572 tur
940 4510 1270 4574 miserum
1348 4509 1565 4590 illum,
1644 4511 1755 4574 cui
1830 4515 1897 4574 τὸ
1976 4509 2324 4591 φροντίζειν
2390 4513 2535 4574 tam
2604 4527 2800 4575 acres
2869 4513 3111 4593 pariat

750 4631 1012 4696 dolores
1059 4639 1185 4710 (VS.
1237 4634 1424 4708 716);

1415 4760 1499 4838 μή
1549 4782 1664 4820 νυν
1714 4761 1951 4842 βαρέως
1997 4757 2171 4837 ἄλγει
2218 4757 2379 4823 λίαν.
