3478 5737
1486 622 1605 685 101

463 809 742 875 Ceterae
826 812 1108 877 huiusce
1188 830 1476 879 scaenae
1545 814 1835 879 facetiae
1905 815 1959 879 si
2036 832 2169 880 non
2242 833 2523 897 prorsus
2590 817 2718 883 tibi

379 933 699 999 videntur
743 936 1098 1018 innocuae,
1149 938 1434 1003 minime
1482 942 1716 1003 tamen
1764 944 2171 1019 argumento
2218 958 2369 1005 esse
2410 946 2719 1025 possunt,

377 1060 648 1137 poetam
735 1060 1176 1143 philosophos
1259 1078 1630 1144 eorumque
1715 1063 1946 1128 studia
2028 1064 2267 1129 odisse.
2374 1064 2720 1147 Discipulo

373 1182 660 1249 dicenti:
725 1186 1014 1269 ζητοῦσιν
1079 1184 1250 1251 οὗτοι
1311 1192 1389 1251 τὰ
1447 1193 1607 1253 κατὰ
1653 1203 1789 1271 γῆς.
1836 1189 2202 1270 respondet
2251 1188 2718 1271 Strepsiades:

373 1307 638 1393 βολβοὺς
699 1310 823 1393 ἄρα
883 1312 1156 1396 ζητοῦσι,
1205 1312 1668 1394 benevoleque
1715 1314 1942 1379 addit:
1998 1313 2251 1397 „nolite
2302 1314 2601 1395 amplius
2648 1314 2713 1379 id

375 1450 628 1515 curare,
699 1452 821 1516 ego
889 1437 1074 1502 enim
1138 1438 1302 1519 sci0,
1371 1438 1482 1503 ubi
1549 1439 1694 1502 sint
1754 1438 1987 1517 magni
2046 1443 2118 1501 et
2182 1437 2513 1517 pulchri.”
2588 1438 2721 1503 Hic

376 1556 574 1622 rideri
657 1561 898 1625 rustici
983 1579 1309 1643 errorem,
1395 1566 1474 1627 ut
1557 1562 1960 1644 saepissime
2040 1562 2112 1625 in
2182 1564 2535 1643 posterum
2608 1564 2717 1640 (cf.

373 1683 588 1747 Actus
631 1686 912 1749 secundi
960 1692 998 1762 5
1045 1686 1110 1765 2)
1156 1686 1353 1751 facile
1393 1686 1879 1766 intellegimus.
1932 1686 2181 1751 Verbis
2212 1686 2501 1769 ζητοῦσιν
2536 1684 2707 1751 οὗτοι

375 1810 446 1868 τὰ
507 1812 668 1870 κατὰ
730 1822 843 1890 γῆς
902 1814 1105 1891 poeta
1165 1808 1506 1891 imprimis
1567 1827 1648 1874 eo
1694 1809 1979 1874 consilio
2029 1810 2131 1873 uti
2182 1810 2455 1875 videtur
2503 1816 2579 1875 ut
2627 1812 2714 1875 iis

377 1928 649 2011 adaptet
693 1932 776 1997 de
827 1931 1054 1998 bulbis
1103 1933 1370 1997 facetia.

461 2052 668 2119 Estne
698 2072 996 2135 sequens
1027 2055 1236 2137 iocus,
1271 2055 1643 2136 discipulos
1675 2056 2087 2135 perscrutari
2124 2054 2321 2120 Erebi
2354 2060 2425 2120 et
2452 2056 2719 2121 Tartari

383 2173 512 2241 ima
556 2178 715 2242 dum
768 2182 800 2243 ὃ
849 2176 1182 2263 πρωκτὸς]
1232 2184 1419 2253 uitro-,⁸
1468 2178 1612 2243 καθ’
1659 2184 1853 2243 αὑτὸν
1893 2182 2296 2263 ἀστρονομεῖν
2338 2180 2717 2258 διδάσκεται,

384 2302 570 2365 nobis
629 2302 879 2369 indicio
935 2310 1210 2386 poetam
1257 2306 1682 2369 subsannare
1733 2304 2033 2369 voluisse
2081 2304 2499 2386 disciplinaS,
2548 2322 2721 2385 quas

385 2422 720 2491 Socratem
782 2432 908 2493 aut
969 2429 1140 2493 nihil
1203 2432 1328 2493 aut
1387 2446 1627 2511 parum
1675 2446 1953 2493 curasse
2000 2430 2329 2493 constat?
2375 2429 2488 2506 (cf.
2538 2429 2716 2494 Xen.

391 2548 576 2614 Mem.
625 2553 686 2632 4,
737 2552 800 2633 7,
848 2554 1044 2617 2—7.
1095 2554 1228 2617 Cic.
1281 2554 1474 2618 Tusc.
1525 2555 1586 2636 5,
1635 2554 1696 2633 4,
1750 2554 1851 2634 10,
1902 2553 1985 2617 de
2032 2554 2318 2635 Republ.
2370 2554 2421 2635 I,
2475 2554 2576 2635 10,
2618 2554 2717 2617 15.

385 2674 582 2739 Acad.
647 2676 698 2756 Ι,
763 2679 824 2759 4,
893 2678 1020 2753 15).
1107 2678 1395 2743 Ridetur
1457 2682 1536 2743 ut
1595 2677 1765 2743 mihi
1830 2677 2107 2743 videtur
2168 2678 2591 2760 praesertim·
2635 2680 2721 2742 ob

383 2798 590 2879 ipsius
658 2800 784 2865 ioci
858 2803 1380 2868 absurditatem.
1483 2802 1662 2867 Num
1735 2806 1955 2884 putaS,
2029 2803 2213 2867 iocos
2282 2819 2415 2867 non
2489 2807 2720 2877 αὐτοὺς

383 2925 518 2986 καθ’
565 2929 824 3002 ἑαυτοὺς
869 2929 1086 2993 risum
1135 2945 1331 3009 posse
1379 2944 1676 3008 movere,
1725 2928 1843 2992 sed
1894 2945 2163 3008 semper
2194 2927 2449 3008 aliquid
2484 2929 2712 2993 subsit

385 3065 648 3116 necesse
709 3069 880 3132 esse,
945 3053 1122 3131 quod
1183 3053 1540 3117 rideatur?
1625 3055 1734 3116 An
1803 3054 1875 3116 te
1936 3051 2223 3116 offendit
2281 3053 2460 3132 quod
2510 3057 2713 3133 poeta

382 3189 461 3236 ex
518 3176 770 3241 studiis
832 3176 1140 3240 honestis
1203 3177 1528 3257 petiverit
1588 3177 1813 3240 iocum
1876 3176 2049 3239 satis
2110 3175 2525 3258 indecorum,
2574 3195 2708 3256 quo

387 3299 620 3380 vulgus
663 3300 964 3366 delectet
1009 3302 1428 3382 profanum?

463 3423 620 3489 Sine
667 3425 872 3490 dubio
922 3425 1420 3505 Aristophanes
1465 3425 1823 3488 habendus
1870 3427 1977 3488 est
2024 3423 2093 3486 in
2136 3440 2423 3488 numero
2456 3441 2715 3506 eorum,

387 3548 490 3626 qui
549 3549 804 3630 ingenii
865 3567 1154 3614 acumen
1215 3549 1300 3614 ad
1348 3550 1637 3614 facetias
1684 3547 2010 3611 dicendas
2056 3546 2360 3627 proclive
2410 3563 2716 3612 coercere

388 3685 589 3752 neque
649 3672 919 3754 possint
979 3689 1200 3752 neque
1261 3672 1500 3737 velint.
1573 3670 1983 3736 Rectissime
2044 3669 2251 3734 talem
2301 3670 2715 3735 comicorum

388 3794 586 3860 animi
664 3797 990 3861 affectum
1075 3797 1388 3860 CARonus
1457 3793 1703 3860 Junms
1774 3793 2125 3858 Wsssasus
2193 3793 2284 3871 (in
2361 3794 2533 3859 libro
2605 3795 2717 3859 cui

389 3915 622 3983 titulus
671 3919 1218 4003 „Demokritos'')
1243 3919 1292 3996 1)
1341 3920 1524 3984 hisce
1571 3919 1856 3982 denotat
1896 3918 2157 3981 verbis:
2214 3917 2523 4000 „Zundet
2555 3937 2716 3982 man

389 4041 550 4106 auch
609 4045 720 4109 ein
785 4043 984 4108 Licht
1041 4061 1129 4107 an
1180 4061 1296 4108 urn
1344 4062 1418 4106 es
1466 4047 1668 4107 untcr
1714 4043 1913 4106 einen
1965 4041 2255 4105 Scheffel
2303 4042 2461 4105 oder
2512 4045 2715 4106 untcr

390 4163 508 4228 den
567 4167 764 4232 Tisch
825 4184 911 4232 zu
973 4167 1272 4232 stellen‘?
1339 4167 1466 4232 Mit
1527 4167 1843 4232 nichtenl
1924 4165 2086 4229 Wer
2148 4183 2223 4229 es
2280 4167 2443 4230 aber
2504 4165 2713 4246 kann,

391 4303 519 4352 wer
568 4291 694 4357 den
747 4290 1174 4372 Witzkitzel,
1224 4291 1341 4354 der
1386 4289 1514 4354 den
1572 4290 1903 4370 Witzling
1950 4289 2116 4354 weit
2162 4289 2398 4368 langor
2444 4289 2713 4370 kitzelt,

388 4410 486 4475 als
537 4415 658 4495 die,
721 4415 830 4480 die
885 4415 1003 4480 ihn
1054 4417 1264 4479 horen
1312 4414 1472 4478 oder
1517 4413 1728 4492 lesen,
1782 4413 2290 4477 unterdriicken
2340 4411 2548 4491 kann,
2598 4413 2717 4476 der

392 4533 478 4598 ist
517 4536 580 4601 in
630 4539 902 4603 meinen
951 4539 1197 4618 Augen
1245 4537 1363 4602 der
1407 4539 1674 4618 groszte
1722 4533 2379 4600 Selbstherrscher.”

399 4693 635 4706 ———-——-
654 4699 751 4706 —-—
770 4700 802 4706 —-

471 4781 514 4856 1)
549 4782 748 4844 Ueber
788 4783 960 4842 Witz
999 4780 1128 4840 und
1171 4779 1536 4855 Scharss'mn,
1580 4780 1713 4839 Vol.
1756 4779 1807 4854 I,
1851 4799 1907 4856 p.
1959 4781 2049 4856 13,
2078 4778 2258 4838 Halle
2286 4778 2403 4852 (ed.
2432 4777 2715 4856 Hendel).
