3478 5737
1780 593 1860 655 91

648 784 759 851 Sic
802 785 1059 851 cadunt
1104 784 1519 869 Strepsiadis
1564 786 2085 853 criminationes
2129 789 2202 853 in
2248 804 2490 855 omnes
2531 791 2988 873 philosophos.

646 909 1009 975 Praeterea
1054 910 1263 975 habet
1306 909 1565 989 aliquid
1613 910 1886 975 ridiculi
1935 913 2192 977 rustico
2237 930 2325 977 ne
2373 912 2676 981 Socratis
2714 916 2988 997 quidem

646 1050 893 1099 nomen
944 1036 1217 1119 ἀκριβῶς
1262 1048 1413 1097 esse
1458 1031 1834 1113 cognitum.

735 1158 922 1239 Quod
970 1158 1319 1223 nesciebat
1366 1159 1581 1240 pater,
1630 1157 1768 1222 filio
1817 1156 1956 1223 iam
2003 1162 2113 1223 est
2159 1158 2636 1225 notissimum:

912 1284 1107 1369 αἰβοῖ,
1152 1286 1417 1365 πονηροί
1463 1282 1547 1361 γ’,
1592 1278 1756 1347 οἶδα.
1808 1288 1950 1356 τοὺς
1997 1281 2334 1359 ἀλαζόνας,

916 1412 1060 1481 τοὺς
1106 1412 1489 1493 ὠχριῶντας,
1537 1414 1679 1483 τοὺς
1726 1410 2170 1491 ἀνυποδήτους
2217 1409 2440 1489 λὲγεις·

918 1530 1007 1597 ὧν
1057 1537 1089 1597 ὁ
1137 1534 1543 1615 κακοδαίμων
1595 1538 1941 1619 Σωκράτης
1989 1541 2093 1599 καὶ
2143 1544 2506 1619 Χαιρεφῶν.

656 1644 821 1711 Cum
882 1650 1096 1715 semel
1157 1650 1585 1717 instituisset
1642 1654 1864 1735 poeta,
1913 1654 1992 1716 ut
2040 1652 2340 1717 rusticus
2387 1652 2708 1733 primum,
2755 1649 2998 1713 deinde

650 1770 831 1837 filius
892 1790 938 1837 a
1000 1773 1279 1839 Socrate
1341 1776 1719 1857 doceretur,
1782 1792 2060 1841 necesse
2121 1780 2293 1855 erat,
2351 1780 2430 1841 ut
2477 1773 2614 1838 filio
2663 1773 3002 1837 tribueret

642 1902 1061 1975 argumenta
1104 1898 1457 1979 nonnulla,
1504 1916 1625 1963 cur
1671 1898 1853 1981 patri
1900 1900 2180 1979 obsequi
2229 1899 2462 1965 nollet.
2509 1898 2638 1962 Per
2683 1914 2758 1961 se
2805 1895 3002 1959 intel·

634 2017 901 2099 legitur
947 2037 1029 2085 ea
1074 2023 1485 2101 argumenta
1532 2022 1826 2103 petenda
1870 2022 2084 2087 fuisse
2129 2038 2216 2087 ex
2255 2022 2502 2103 taedi0‚
2537 2020 2715 2103 quod
2750 2019 2814 2085 ei
2845 2019 3000 2084 affe-

634 2145 841 2209 rebat
902 2144 1375 2228 philosophiae
1421 2145 1754 2226 studium,
1804 2146 2364 2227 philosophorum
2415 2146 2565 2230 vita
2613 2144 3003 2210 umbratica

610 2267 1019 2355 ,victusque
1084 2268 1561 2335 tenuissimus.
1633 2270 1958 2336 Convicia
2027 2270 2179 2335 illa:
2244 2274 2508 2355 πονηροί
2555 2296 2642 2349 γε,
2687 2268 3005 2344 ἀλαζόνες,

632 2396 1021 2477 ὠχριῶντες,
1087 2394 1477 2479 ἀνυπόδητοι
1546 2395 1615 2460 in
1687 2412 1804 2459 ore
1873 2412 2165 2477 scurrae,
2235 2414 2278 2461 a
2345 2396 2558 2461 Musis
2601 2395 2856 2475 aversi,
2907 2393 3004 2457 nil

632 2517 914 2585 habent
976 2520 1259 2585 insoliti.
1343 2519 1414 2585 Si
1478 2518 1647 2585 talia
1707 2518 1778 2583 in
1841 2518 2094 2584 fabulis
2155 2537 2290 2585 non
2351 2520 2698 2601 admittes
2745 2517 3008 2584 adimes

638 2648 897 2719 poetae
958 2645 1369 2711 facultatem
1434 2662 1762 2726 personas
1819 2662 1908 2709 ex
1965 2644 2266 2726 ipsorum
2332 2645 2560 2710 indole
2629 2662 2708 2709 ac
2758 2647 3008 2709 natura

648 2763 877 2835 facere
926 2771 1287 2850 loquentes
1333 2772 1407 2835 et
1451 2772 1758 2851 agentes.
1851 2770 2098 2835 Annon
2148 2770 2329 2835 inter
2375 2773 2796 2851 spectatores
2843 2768 3008 2833 dosi-

659 2886 831 2957 diosi
914 2895 1229 2962 nonnulli
1312 2895 1465 2978 ipsi,
1536 2896 1623 2959 ab
1698 2895 1887 2958 omni
1957 2894 2274 2959 doctrina
2339 2896 2807 2972 abhorrentes
2883 2893 3008 2958 tali

671 3021 933 3084 scurrae
994 3037 1353 3085 assensum
1402 3018 1605 3084 laetis
1650 3018 2065 3083 clamoribus
2111 3019 2256 3084 sint
2303 3019 2778 3100 significaturi,
2827 3035 3010 3098 roga·

678 3137 847 3203 verit
922 3144 1288 3226 quispiam.
1384 3143 1560 3208 Fieri
1632 3144 1899 3226 potest;
1969 3143 2148 3208 alius
2214 3143 2401 3208 enim
2461 3143 2596 3208 alio
2661 3142 2856 3206 modo
2925 3142 3011 3206 iis

662 3257 879 3346 rebus,
949 3285 1125 3349 quas
1183 3269 1377 3334 audit
1438 3267 1717 3332 videtve
1773 3267 1844 3330 et
1903 3266 1974 3331 in
2037 3269 2312 3332 theatro
2375 3268 2446 3332 et
2506 3268 2578 3331 in
2643 3267 2788 3332 vita
2849 3267 3009 3330 coti·

638 3377 859 3450 diana
929 3393 1255 3458 afficitur.
1343 3393 1414 3457 Si
1476 3395 1719 3456 contra
1785 3391 2080 3456 facimus
2146 3395 2366 3456 totam
2430 3408 2712 3456 caveam
2775 3390 3009 3455 iuveni

558 3505 819 3572 &⁶110
903 3517 1349 3598 acclamasse,
1412 3518 1567 3580 tum
1614 3517 1800 3579 certo
1849 3515 2106 3580 certius
2151 3519 2258 3580 est
2305 3532 2544 3580 omnes
2591 3517 3012 3595 spect-atores

518 3633 697 3693 &772
772 3645 995 3706 ante
1040 3641 1347 3722 fabulam
1391 3643 1614 3706 actam
1658 3638 1892 3703 odium
1939 3655 2098 3718 erga
2145 3639 2583 3722 philosophos
2630 3638 3012 3720 suscepisse

499 3747 693 3827 ⁰⁰SQ
721 3769 907 3826 Ue·
978 3767 1261 3846 putasse
1319 3780 1562 3829 revera
1608 3766 1938 3848 πονηρούς.
1972 3763 2020 3840 1)
2072 3767 2170 3828 At
2215 3767 2384 3829 tunc
2431 3781 2566 3828 non
2615 3764 2763 3844 ipse
2811 3767 3012 3845 pocta

461 3849 807 3904 N&

406 3917 585 4096 {1³³2
696 3977 1109 4052 fictionis
1152 3991 1411 4050 ridicula
1452 3991 1832 4051 absurditate
1875 3997 2054 4068 poeta
2096 3990 2190 4069 (ut
2231 3992 2348 4050 iarn
2395 3989 2676 4066 vidimus³
2722 3989 2798 4048 cf.
2845 3991 3012 4049 Part.

430 4091 441 4118 ¹*
510 4083 621 4122 0·
788 4081 999 4166 111,
1059 4089 1099 4166 ξ
1160 4091 1251 4164 10,
1309 4109 1367 4165 p.
1412 4091 1512 4162 68)
1554 4087 1775 4148 festive
1819 4089 2106 4147 cert-iores
2147 4085 2301 4146 facit
2343 4086 2666 4162 auditore-S,
2711 4094 2850 4146 uter
2894 4088 3015 4144 τοῖν

409 4140 829 4266 ΜΪΥ,933·’
932 4187 1018 4246 sit
1060 4189 1085 4242 ὁ
1134 4191 1394 4253 Alamos,
1441 4191 1577 4244 uter
1619 4189 1645 4241 ὁ
1693 4184 1966 4250 ”ammom
2011 4185 2188 4244 Licet
2227 4185 2626 4260 vestimentis,
2673 4190 2743 4242 ut
2787 4183 3013 4262 opinor,

438 4243 857 4348 §Bhng
878 4289 1205 4362 uei-entur,
1250 4289 1453 4342 tamen
1496 4303 1645 4360 opus
1690 4290 1822 4342 erat
1863 4287 1933 4340 ut
1955 4287 2234 4342 accurate
2255 4279 2600 4340 nominibus
2621 4281 3014 4356 indicaretur,

482 4359 571 4420 qm
583 4371 960 4440 namn
1002 4387 1206 4442 essent
1246 4381 1403 4440 duae
1447 4382 1585 4441 illae
1627 4400 1937 4458 personae.

532 4445 567 4556 Ji
676 4455 929 4536 1¹5
983 4477 1309 4538 absurdum
1353 4497 1486 4538 esse
1529 4479 1896 4554 assentieris,
1941 4478 1992 4536 si
2035 4477 2379 4536 memineris
2420 4475 2824 4536 Athenienses
2867 4476 3018 4534 artis

504 4544 1023 4634 dumne-andi
1077 4595 1147 4635 ac
1201 4575 1665 4653 philosophandi
1716 4575 1921 4634 studio
1964 4593 2140 4649 quam
2183 4573 2440 4632 maxime
2484 4574 2604 4630 illis
2647 4572 3021 4650 temporibus

509 4638 703 4704 &¹³⁸³ss
910 4673 1169 4732 deditos.
1236 4673 1329 4732 of.
1395 4671 1779 4732 stallbaumii
1819 4673 1897 4730 de
1939 4671 2327 4750 Euthydemo
2369 4671 2594 4748 disput.
2638 4691 2696 4748 p.
2739 4673 2794 4728 s.
2859 4669 3020 4730 vide

516 4735 663 4799 Part.-
782 4755 935 4846 Ι,
977 4789 1023 4830 0.
1066 4769 1151 4847 Π,
1196 4771 1236 4850 g
1284 4773 1335 4848 1,
1379 4791 1436 4848 p.
1482 4771 1578 4828 39.
