3478 5737
1518 622 1601 687 33

388 819 583 899 plebs
644 816 782 899 illa,
834 818 916 881 'et
976 820 1213 881 tamen
1274 814 1605 879 iudicibus
1665 815 1886 889 δεξιοῖς
1931 815 2202 880 fabulas
2247 832 2408 881 suas
2455 816 2740 897 probare

384 954 773 1009 conaretur.
822 940 1008 1023 Quod
1055 940 1139 1005 ad
1190 938 1433 1036 Nubes?
1468 940 1791 1023 pertinet,
1839 940 1926 1013 cs.
1979 956 2078 1003 vs.
2135 938 2268 1004 520
2314 956 2496 1021 sqq.:

568 1066 733 1131 οὕτω
776 1066 1101 1149 νικήσαιμί
1147 1066 1201 1128 τ’
1246 1067 1370 1143 ἐγὼ
1418 1069 1523 1127 καὶ
1569 1064 1942 1149 νομιζοίμην
1995 1060 2204 1143 σοφός,

569 1178 653 1248 ὡς
695 1179 858 1254 ὑμᾶς
905 1176 1245 1256 ἡγούμενος
1292 1169 1451 1237 εἶναι
1512 1178 1815 1246 θεατὰς
1877 1172 2228 1251 δεξιούς,

569 1288 671 1345 καὶ
722 1285 953 1365 ταύτην
1003 1283 1316 1361 σοφώτατ’
1363 1280 1517 1365 ἔχειν
1569 1294 1694 1345 τῶν
1743 1283 1909 1363 ἐμῶν
1959 1279 2333 1363 κωμῳδιῶν,

569 1393 823 1474 πρώτην
851 1389 902 1469 1)
949 1388 1163 1472 ἧξίωσ’
1209 1386 1501 1468 ἀναγεῢσ’
1549 1393 1733 1471 ὑμᾶς,
1782 1394 1818 1471 ἣ
1867 1390 2128 1473 παρέσχε
2177 1413 2281 1469 μοι

564 1498 743 1582 ἔργον
792 1496 1117 1562 πλεῖστον·
1168 1492 1681 1583 εἶτ’ἀνιχώρουν
1732 1493 1842 1560 ὑπ’
1889 1498 2145 1580 ἀνδρῶν
2199 1506 2510 1577 φορτικῶν

566 1610 874 1690 ἡττηθείς,
922 1610 1033 1669 οὐκ
1082 1605 1253 1679 ἄξιος
1302 1606 1423 1668 ὤν·
1473 1607 1691 1670 ταῦτ’
1756 1600 1894 1669 οὖν
1961 1610 2150 1685 ὑμῖν
2217 1606 2644 1685 μέμφομαι

568 1728 735 1789 τοῖς
798 1728 1103 1795 σοφοῖς,
1164 1710 1253 1777 ὧν
1301 1713 1479 1778 εἵνεκ’
1519 1717 1639 1793 ἐγὼ
1688 1714 1865 1777 ταῦτ’
1913 1709 2494 1797 ἐπραγματευόμην.

388 1840 511 1905 Vs.
560 1840 685 1923 561
738 1857 839 1920 sq.
886 1840 1213 1919 legimus:

562 1966 639 2047 ἢν
690 1964 746 2027 δ’
794 1966 928 2045 ἐμοὶ
977 1968 1080 2027 καὶ
1132 1976 1326 2028 τοῖσιν
1377 1966 1544 2044 ἐμοῖς
1590 1966 2001 2049 εὐφραίνησθ’
2049 1966 2407 2046 εὑρήμασιν,

564 2074 637 2145 ἐς
699 2076 839 2145 τὰς
902 2071 1110 2155 ὥρας
1174 2076 1313 2145 τὰς
1376 2073 1655 2155 ἑτέρας
1716 2070 1800 2137 εὖ
1863 2086 2198 2157 φρονεῖν
2263 2072 2665 2150 δοκήσετε.

383 2196 471 2260 cf.
522 2168 729 2277 Vesp.
782 2197 953 2260 1046
1000 2213 1171 2278 sqq.,
1224 2198 1627 2279 praesertim
1678 2216 1778 2264 vs.
1835 2198 2040 2262 1049:

476 2323 509 2383 ὁ
570 2321 635 2384 δὲ
683 2326 947 2404 ποιητὴς
994 2320 1172 2386 οὐδὲν
1224 2323 1439 2406 χείρων
1490 2328 1704 2407 παρὰ
1756 2337 1972 2387 τοῖσι
2023 2336 2311 2402 σοφοῖς
2359 2322 2731 2401 νενόμισται.

385 2446 691 2511 Accedat
734 2446 905 2511 Ran.
957 2464 1057 2511 vs.
1097 2447 1259 2512 705:
1299 2447 1487 2531 „Nisi
1520 2450 2038 2531 obtemperetur
2069 2447 2244 2512 meis
2274 2445 2619 2511 consiliis'’
2648 2480 2730 2491 —

564 2569 952 2635 sententiae
998 2587 1343 2635 summam
1392 2572 1609 2637 refero
1670 2609 1731 2619 —

697 2696 931 2777 ὑστέρῳ
978 2697 1182 2779 χρόνῳ
1228 2698 1371 2760 ποτ’
1419 2692 1605 2769 αὖθις
1651 2693 1721 2761 εὖ
1767 2710 2014 2779 φρονεῖν
2065 2701 2138 2760 οὐ
2185 2695 2464 2777 δόξομεν.

475 2816 822 2898 Quomodo
890 2820 1085 2884 lector
1146 2820 1518 2886 hodiernus
1572 2821 1744 2886 satis
1788 2822 2100 2887 sincerus
2147 2856 2225 2867 —-
2275 2836 2480 2902 quern
2529 2836 2729 2884 nemo

380 2942 663 3022 negabit
700 2959 1109 3024 magnopere
1146 2944 1404 3009 distare
1428 2947 1513 3010 ab
1536 2945 1840 3010 auditore
1869 2949 2216 3028 spectante,
2243 2944 2730 3026 Aristophanis

380 3065 1040 3148 κωμῳδοδιδασκάλου
1086 3065 1139 3143 2)
1214 3068 1486 3148 aequali
1564 3105 1626 3114 —-
1696 3069 1780 3133 de
1841 3070 2084 3150 poetae
2141 3068 2394 3133 fabulis
2453 3068 2726 3150 iudicet,

380 3189 767 3255 luculenter
837 3191 1035 3256 nobis
1094 3190 1401 3272 indicant
1460 3193 1669 3257 verba
1734 3192 1864 3256 viri
1929 3189 2029 3256 01¹.
2097 3191 2352 3256 Allardi
2419 3191 2727 3256 Piersoni

378 3313 649 3391 (Hellas
696 3314 829 3379 vol.
870 3315 971 3379 III
1011 3333 1075 3396 p.
1116 3315 1305 3391 418):
1361 3314 1603 3399 „Soms
1641 3319 1914 3380 moeten
1953 3332 2057 3380 we
2102 3316 2340 3380 lachen
2381 3333 2466 3380 en
2492 3314 2725 3380 willen

378 3453 487 3501 we
534 3439 655 3502 het
698 3438 850 3502 ook.
899 3437 1101 3502 Soms
1140 3443 1412 3503 moeten
1453 3456 1558 3503 we
1596 3439 1838 3504 lachen
1879 3457 1963 3503 en
2005 3439 2239 3504 willen
2279 3456 2383 3503 we
2416 3440 2534 3503 het
2559 3439 2724 3504 niet.

380 3560 583 3626 Soms
642 3561 705 3625 is
764 3562 1006 3628 lachen
1053 3579 1180 3626 ons
1225 3563 1657 3646 onmogelijk,
1706 3564 1836 3628 ook
1887 3566 2028 3628 met
2074 3564 2206 3629 den
2255 3565 2493 3628 besten
2540 3563 2723 3628 wil.'’

464 3685 699 3768 quta,
803 3686 1088 3752 minime
1188 3690 1417 3752 cont-ra
1520 3690 1684 3752 haec
1787 3690 1996 3755 verba
2094 3688 2297 3753 liceat
2396 3689 2726 3754 nonnulla

376 3810 951 3876 animadvertere.
1022 3811 1350 3892 Designat
1418 3811 1527 3875 vir
1588 3812 2013 3877 clarissimus
2074 3811 2410 3878 comicum
2469 3829 2722 3893 germa-

378 3949 546 3996 num
609 3932 1141 4014 genuinumque,
1188 3933 1707 4016 inexorabilem,
1755 3933 1996 3998 acerbe
2042 3951 2382 4017 severum,
2430 3934 2724 4000 immise-

378 4054 732 4137 ricordem,
813 4056 930 4135 qui
1009 4073 1309 4138 sensum,
1383 4074 1587 4138 quem
1672 4057 2045 4122 Witzkitzel
2111 4057 2435 4123 Germani
2505 4059 2724 4140 lepide

377 4182 648 4258 vocant,
697 4179 1069 4260 reprimere
1116 4197 1337 4260 neque
1369 4180 1557 4245 valet
1588 4197 1808 4260 neque
1842 4182 2052 4262 cupit,
2095 4181 2212 4260 qui
2245 4187 2432 4248 amat
2447 4185 2726 4265 perdere

378 4303 669 4368 amicum
750 4321 953 4385 quam
1018 4304 1265 4369 dictum
1334 4302 1422 4384 3);
1492 4305 1773 4369 denotat
1841 4305 2149 4386 affectus,
2219 4322 2389 4384 quos
2457 4307 2583 4370 ioci
2652 4308 2724 4371 et

457 4502 505 4582 1)
590 4507 850 4580 πρώτην.
896 4503 997 4562 Ita
1038 4504 1345 4582 Welcker,
1390 4509 1652 4584 πρώτους
1693 4504 1868 4564 codd.

456 4599 506 4677 2)
590 4598 666 4658 cf.
709 4600 917 4676 Equit.
962 4602 1096 4677 504,
1140 4603 1288 4676 5143
1331 4603 1461 4661 Pax
1502 4604 1636 4662 736.

456 4697 509 4776 3)
590 4695 667 4755 cf.
712 4697 837 4758 Cic.
893 4698 973 4756 de
1029 4698 1283 4758 Oratore
1336 4699 1421 4777 Π,
1474 4701 1569 4777 54,
1614 4701 1653 4776 ξ
1698 4701 1846 4758 221:
1889 4700 2179 4778 parcebat
2219 4703 2378 4760 enim
2421 4701 2720 4781 (Crassus)

384 4793 710 4853 adversarii
792 4795 1101 4872 dignitati,
1187 4798 1249 4854 in
1311 4817 1427 4872 quo
1490 4799 1618 4875 ipse
1687 4797 2082 4858 conservabat
2141 4819 2341 4871 suam3
2407 4799 2568 4872 quod
2629 4806 2723 4858 est

2613 4915 2647 4968 3
