3478 5737
1463 568 1585 630 147

355 764 584 845 τρυόνα
630 766 865 827 autem
904 762 976 826 in
1017 763 1532 845 quadrupedum
1572 764 2126 830 habetnumero.
2177 765 2539 830 Praeterea
2577 784 2698 847 pro

355 906 477 953 sua
542 886 869 952 fatuitate
929 903 1066 950 non
1131 886 1302 951 satis
1361 887 1742 952 attendisse
1804 888 2080 954 videtur
2136 890 2375 954 eodem
2424 891 2702 955 nomine

355 1010 719 1092 significari
767 1010 839 1074 et
883 1026 1146 1074 marem
1194 1011 1266 1075 et
1311 1011 1661 1075 feminam.
1734 1010 1977 1093 Quare,
2028 1030 2182 1077 cum
2232 1014 2471 1079 didicit,
2514 1014 2699 1094 galli·

353 1154 510 1201 nam
582 1135 1041 1217 ἀλεκτρύαιναν
1104 1152 1254 1199 esse
1317 1136 1718 1217 vocandam,
1781 1136 2052 1201 laetitia
2110 1138 2473 1202 exsultans
2520 1139 2697 1217 quod

353 1262 634 1325 tandem
717 1278 790 1325 se
872 1258 1266 1343 praebuerit
1347 1261 1635 1325 docilem
1713 1264 1785 1325 et
1862 1278 2003 1325 rem
2082 1262 2413 1344 didicerit,
2493 1281 2696 1342 quam

355 1403 578 1450 coram
643 1386 995 1450 illiteratis
1055 1384 1310 1449 iactare
1374 1384 1630 1465 poterit
1701 1422 1765 1429 —
1838 1390 2074 1467 postea
2134 1392 2263 1465 (vs,
2324 1388 2700 1467 843-853)

351 1511 644 1590 gloriose
690 1510 970 1575 adhibet
1015 1526 1214 1574 suam
1255 1509 1618 1575 scientiam
1665 1546 1724 1554 —
1771 1509 2118 1575 exclamat
2157 1513 2282 1592 (ve.
2323 1513 2450 1575 667
2492 1513 2697 1591 sqq.):

619 1634 1118 1716 ἀλεκτρύαιναν;
1161 1630 1230 1697 εὖ
1274 1660 1340 1713 γε
1387 1640 1462 1715 νὴ
1511 1638 1618 1697 τὸν
1667 1631 1891 1717 Ἀέρα.

621 1742 767 1806 ὥστ’
817 1746 958 1807 ἀντὶ
1007 1745 1232 1806 τούτου
1281 1757 1392 1806 τοῦ
1439 1742 1824 1824 διδάγματος
1868 1744 2069 1821 μόνου

622 1850 1030 1933 διαλφιτώσω
1078 1873 1190 1914 σου
1239 1850 1448 1933 κύκλῳ
1497 1856 1608 1934 τὴν
1657 1850 2024 1933 κάρδοπον.

373 1973 384 1981 ’
437 1972 569 2037 Ρ61·
639 1992 874 2041 vocem
945 1974 1332 2059 ἀλεκτρυόνα
1395 1976 1722 2041 feminam
1788 1974 2135 2039 interdum
2206 1974 2491 2038 indicari
2562 1974 2699 2039 iarn

351 2098 704 2181 perspicit,
753 2102 870 2165 sed
919 2102 1275 2166 docentem
1327 2100 1675 2165 Socratem
1710 2099 2080 2183 κάρδοπον,
2116 2115 2353 2163 vocem
2384 2097 2699 2162 feminini

348 2220 642 2301 generis,
712 2224 980 2303 proprie
1050 2239 1184 2287 non
1249 2226 1433 2286 recte
1495 2221 1627 2285 dici
1690 2222 2057 2305 κάρδοπον,
2121 2224 2401 2302 repente
2448 2219 2529 2283 de
2578 2236 2701 2284 suo

351 2342 540 2405 statu
622 2342 935 2426 deicitur,
1015 2346 1265 2426 quippe
1343 2344 1459 2423 qui
1533 2344 1813 2409 omnino
1876 2345 2005 2411 sibi
2064 2344 2315 2423 fingere
2378 2344 2699 2423 nequeat,

349 2482 482 2545 quo
553 2469 754 2548 pacto
803 2485 912 2533 res
957 2468 1306 2533 inanimae
1352 2484 1578 2532 mares
1610 2472 1695 2533 ‚et
1742 2469 2037 2533 feminae
2084 2484 2233 2533 esse
2282 2465 2567 2548 possint.
2627 2503 2689 2511 —-

353 2590 742 2673 ,,Κάρδοπον
807 2592 1018 2673 igitur
1079 2596 1286 2673 putas
1349 2608 1498 2655 esse
1547 2592 1911 2657 masculini
1956 2592 2227 2673 generis
2272 2594 2359 2663 ut,
2397 2588 2701 2655 Κλεώνυ-

346 2716 541 2795 μον”
603 2752 666 2761 —-
727 2720 922 2797 rogat
981 2716 1316 2781 Socrates.
1405 2716 1757 2797 RusticuS,
1819 2716 2044 2781 denuo
2108 2715 2279 2779 nihil
2328 2715 2701 2797 quidquam

349 2838 508 2904 talis
563 2839 974 2920 intellegens
1034 2839 1404 2922 doctrinae,
1467 2839 1813 2904 coniciens
1873 2844 2107 2906 autem
2169 2840 2485 2924 κάρδοπον
2558 2857 2697 2904 non

345 2967 531 3028 recte
581 2981 842 3029 marem
891 2965 1045 3047 dici,
1095 2970 1290 3046 rogat
1337 2977 1470 3038 πῶς
1509 2964 1629 3044 δή,·
1669 2969 1929 3048 φράσον,
1963 2966 2367 3046 Socratique
2399 2966 2695 3030 dicenti:

347 3093 579 3154 ταῦτὸν
655 3089 924 3153 δύναται·
994 3111 1086 3154 σοι
1159 3089 1472 3173 κάρδοπος
1543 3089 1929 3174 Κλεωνύμῳ,
1974 3089 2247 3155 ieiunus
2293 3091 2693 3172 respondet:

345 3212 771 3295 Cleonymus
832 3231 964 3279 non
1016 3215 1262 3279 habuit
1307 3214 1626 3298 κάρδοπον
1675 3216 1789 3279 sed
1840 3215 1909 3280 in
1959 3213 2284 3278 mortario
2310 3212 2361 3290 1)
2408 3213 2698 3277 rotundo

340 3339 730 3418 ἐνεμάττετο.
801 3339 998 3403 Sitne
1067 3339 1137 3402 in
1201 3339 1388 3404 hisce
1453 3339 1624 3403 nihil
1687 3338 1966 3403 obsceni
2014 3341 2093 3402 ut
2139 3338 2447 3402 Kockius
2494 3337 2695 3401 Leeu·

341 3463 754 3542 weniusque
823 3466 1091 3544 putant,
1163 3463 1509 3527 affirmare
1578 3479 1715 3527 non
1763 3461 2008 3526 ausim.
2094 3461 2367 3525 Etenim
2422 3479 2520 3524 vs.
2568 3460 2699 3523 680

343 3585 774 3668 Cleonymus
834 3603 874 3650 a
937 3585 1331 3668 Strepsiade
1394 3591 1681 3652 vocatur
1742 3586 2117 3670 Κλεωνύμη,
2174 3589 2528 3664 tamquam
2580 3585 2698 3666 qui

339 3711 716 3776 muliebria
767 3711 1050 3792 patitur.
1124 3711 1360 3775 Oritur
1405 3728 1570 3775 sane
1620 3728 1756 3775 vox
1803 3729 1891 3775 ex
1940 3727 2115 3776 novo
2163 3710 2401 3774 rustici
2450 3725 2695 3789 errore,

335 3839 664 3900 attamen
711 3841 914 3916 poeta
959 3836 1250 3900 fortasse
1297 3835 1610 3900 consulto
1660 3836 1728 3899 in
1782 3835 2138 3917 Cleonymi
2184 3835 2463 3899 nomine
2497 3833 2697 3897 rusti-

335 3977 500 4024 cum
570 3959 744 4024 facit
812 3959 1190 4024 fallentem.
1279 3959 1350 4024 Si
1418 3963 1651 4022 autem
1718 3977 1817 4022 vs.
1875 3960 2006 4023 676
2066 3959 2164 4024 sic
2225 3958 2695 4039 accipiendum

335 4101 496 4148 esse
564 4100 828 4164 censes,
901 4084 1094 4148 verbi
1160 4084 1452 4148 sormam
1518 4082 1877 4164 immicum
1941 4088 2181 4166 (μάσσω
2229 4085 2270 4147 i.
2322 4101 2383 4162 q.
2434 4082 2695 4161 subigo)

337 4225 480 4272 non
555 4207 786 4272 solum
857 4209 1254 4272 vertendam
1324 4225 1471 4272 csse
1538 4212 1827 4289 apparet
1896 4227 2017 4289 per
2090 4205 2503 4292 „szcbiqebat”
2576 4207 2691 4284 (sc.

335 4331 690 4412 farinam),
754 4331 871 4395 sed
919 4331 1132 4396 etiam
1179 4349 1300 4412 per
1352 4333 1605 4414 „subiyi
1649 4351 1714 4396 sc
1758 4334 2049 4398 sinebat’'
2099 4339 2329 4408 (sensu
2377 4328 2693 4412 passivo).

418 4651 476 4723 1)
554 4649 988 4726 Paupertatem
1061 4650 1247 4708 rideri
1324 4649 1653 4726 Cleonymi‚
1735 4649 2014 4725 perhibet
2072 4649 2357 4724 scholion,
2420 4645 2697 4705 defendit

333 4748 746 4807 Leeuwenius
787 4747 890 4824 (ad
931 4768 1018 4807 vs,
1065 4751 1223 4825 675).
