3478 5737
1473 604 1590 667 151

361 797 746 863 doctissimo
811 798 1214 863 umbratico,
1301 798 1737 864 Postremum
1800 813 1937 861 non
2000 799 2109 861 est
2156 796 2699 862 obliviscendum

361 922 498 986 veri
542 921 802 1002 aliquid
849 922 1076 987 inesse
1124 923 1196 987 in
1241 924 1348 1004 iis,
1398 940 1572 1003 quae
1618 896 1992 987 annotavit
2038 922 2463 987 Godofredus
2501 921 2699 987 Stall-

361 1046 673 1111 baumius
740 1046 824 1111 ad
893 1046 1068 1113 Plat.
1137 1048 1412 1113 Theaet.
1480 1066 1542 1129 p.
1611 1048 1736 1111 143
1802 1046 1891 1111 B:
1949 1046 2335 1130 „Nimirum
2379 1050 2488 1111 est
2534 1047 2699 1111 haec

362 1171 460 1235 vis
517 1170 777 1237 assidui
840 1172 1264 1241 severiorum
1327 1172 1680 1237 literarum
1733 1172 1966 1253 studii,
2019 1176 2095 1235 ut
2139 1172 2451 1236 animum
2498 1172 2699 1237 facile

357 1314 398 1359 a
460 1296 628 1360 vitae
695 1298 1058 1361 communis
1127 1297 1471 1361 hilaritate
1539 1296 1782 1361 reddat
1849 1296 2155 1360 alienum
2226 1296 2425 1377 eique
2489 1297 2697 1361 nescio

355 1421 512 1500 quid
554 1424 860 1487 austerae
899 1422 1262 1503 yravitatis
1307 1426 1368 1486 et
1419 1422 1730 1486 tristitiae
1776 1419 2161 1486 conciliet.’'

440 1544 762 1609 Eruditae
831 1545 1040 1625 igitur
1107 1546 1614 1625 annotationeS‚
1685 1545 1847 1609 licet
1917 1543 2205 1607 maximi
2276 1543 2419 1607 sint
2488 1544 2694 1625 pretii

353 1668 717 1734 lectoribus
783 1670 1092 1751 eruditi5‚
1134 1668 1184 1744 1)
1252 1670 1429 1734 haud
1493 1686 1646 1733 raro
1709 1668 1971 1733 nullius
2016 1671 2184 1732 sunt
2230 1667 2564 1731 momenti
2610 1668 2693 1731 ad

363 1804 782 1811 ——---.—.-—--—

425 1860 472 1937 1)
527 1858 621 1919 cf.
681 1861 1098 1921 annotationes
1153 1860 1379 1921 Kockii
1433 1860 1512 1919 ad
1567 1880 1654 1919 vs.
1709 1860 1827 1918 637
1870 1878 1945 1918 en
1989 1859 2125 1918 638.
2188 1858 2289 1917 Ad
2330 1856 2547 1918 verba:
2592 1860 2693 1915 οὐκ

352 1954 685 2033 ἐδιδάχθης
746 1963 1100 2017 annotatur:
1168 1956 1502 2031 „Aehnlich
1548 1956 1749 2033 praklt
1806 1956 2163 2029 Protaqm·a3
2216 1952 2319 2014 bei
2372 1954 2531 2015 Plat.
2576 1956 2696 2014 318

347 2052 458 2111 D.'’
499 2053 606 2112 Ad
647 2074 734 2113 va.
777 2056 926 2115 638:
975 2055 1296 2129 „Prodikos
1339 2052 1757 2132 orthoepische
1798 2052 2233 2129 Forschungen
2274 2052 2503 2129 gingen
2546 2051 2692 2131 (vgl.

349 2150 516 2209 Plato
573 2152 741 2211 Prot.
798 2152 918 2210 315
973 2152 1034 2209 D
1093 2152 1168 2226 E,
1225 2158 1360 2227 cet„
1417 2150 1690 2229 Euthyd.
1748 2152 1865 2209 277
1909 2150 1983 2226 E,
2026 2150 2269 2227 Kratyl.
2312 2151 2433 2208 384
2474 2150 2549 2225 B)
2591 2160 2703 2218 auf

348 2246 759 2326 Feststellung
834 2248 944 2308 des
1019 2249 1322 2325 richtigen
1400 2246 1787 2307 Gebrauches
1847 2248 1958 2306 der
2020 2248 2359 2323 Synonyma,
2422 2247 2523 2305 die
2586 2247 2695 2307 des

348 2344 710 2423 Protagoras
763 2344 1042 2405 betrafen
1105 2347 1216 2406 das
1276 2346 1745 2423 grammatische
1802 2344 2026 2420 G'renus⁷
2070 2344 2171 2403 die
2216 2344 2591 2403 Satzformen
2633 2368 2691 2405 u.

349 2442 468 2519 dgl.
511 2443 726 2521 (Arist.
772 2444 952 2504 Rhet.
996 2446 1052 2521 3,
1098 2446 1154 2520 5,
1200 2444 1379 2521 soph.
1425 2444 1674 2502 Elench.
1723 2444 1815 2520 14,
1861 2442 2116 2516 Quintil.
2146 2444 2202 2501 3.
2233 2446 2288 2501 4.
2325 2442 2479 2520 10).”
2523 2444 2694 2503 Talia

347 2541 620 2601 versibus
675 2543 932 2619 singulis
974 2544 1146 2619 quasi
1191 2544 1360 2601 uncis
1401 2542 1743 2619 appendere
1786 2542 2011 2599 nemini
2054 2546 2255 2617 potest
2296 2560 2539 2615 nocere;
2584 2542 2691 2601 sed

347 2639 398 2696 si
456 2638 668 2698 addita
728 2640 1008 2699 videmus
1067 2642 1265 2717 qualia
1329 2641 1576 2699 haecce:
1645 2639 1783 2713 „die
1844 2640 2231 2715 Anmassung
2285 2638 2517 2697 danach
2572 2640 2689 2699 den

349 2736 884 2815 Sprachgebrauch
925 2740 1050 2797 und
1091 2739 1209 2797 den
1250 2740 1480 2797 Homer
1519 2738 1807 2815 (Sophist.
1852 2735 2101 2795 Elench.
2150 2740 2248 2806 14)
2288 2738 2573 2795 meistern
2616 2759 2691 2797 zu

344 2836 559 2894 wollen
611 2838 831 2906 (sermo
885 2843 980 2895 est
1034 2838 1111 2897 de
1154 2837 1511 2915 Protagora)
1554 2835 1807 2894 erscleien
1854 2835 1955 2893 mit
2011 2836 2185 2894 Res-ht
2226 2834 2583 2912 liit·leerlic·lt,”
2631 2837 2692 2894 in

345 2951 600 2992 errorem
667 2934 1029 2994 inducantur
1082 2934 1322 2994 fabulae
1379 2940 1618 2993 nostrae
1671 2933 1929 2992 lectores
1982 2951 2225 2992 necesse
2268 2939 2377 2992 est.
2442 2933 2687 2992 Etenim

344 3031 674 3090 cavendum
746 3036 857 3103 est,
936 3051 1012 3090 ne
1085 3031 1294 3090 credas
1367 3037 1739 3108 spectatores
1816 3030 2241 3107 Aristophanis
2318 3031 2688 3108 temporibus

343 3127 444 3186 illa
502 3129 702 3186 omnia
762 3129 1012 3188 scivisse
1056 3129 1326 3205 ideoque,
1385 3129 1870 3206 philosophorum
1926 3127 2129 3186 studia
2171 3130 2221 3186 si
2267 3149 2301 3185 a
2343 3135 2522 3205 poeta
2564 3135 2687 3188 tam

343 3225 570 3282 occulte
633 3224 1202 3302 perstringerentur,
1261 3227 1612 3300 intellegere
1668 3225 1937 3302 potuisse
1988 3223 2401 3282 huiuscemodi
2442 3223 2687 3284 facetia-

341 3338 470 3376 rum
513 3319 848 3378 consilium.
2204 3325 2209 3330 “

419 3415 590 3489 Quae
646 3418 958 3476 annotavit
1015 3438 1070 3475 v.
1129 3418 1204 3476 cl.
1260 3418 1396 3476 Van
1437 3418 1736 3476 Leeuwen
1780 3417 1858 3476 ad
1902 3437 1980 3474 vs.
2026 3418 2175 3475 361:
2224 3417 2487 3489 „dixeris
2530 3419 2685 3476 eius-

343 3514 496 3572 modi
533 3515 826 3591 argutiaS,
857 3515 1068 3590 quales
1095 3515 1392 3572 Prodicus
1422 3513 1769 3591 appetebat,
1800 3513 2190 3592 Aristophani
2220 3535 2401 3589 quam
2431 3517 2687 3574 maxime

343 3610 630 3670 absurdas
683 3611 970 3670 debuisse
1025 3611 1278 3688 videri‚”
1336 3611 1416 3670 ad
1459 3613 1636 3670 nimis
1679 3614 1985 3687 quaesitas
2029 3613 2410 3686 minutasque
2454 3612 2687 3671 subtili-

343 3711 494 3766 tates
551 3708 700 3767 dum
756 3715 1054 3786 spectant,
1081 3709 1427 3768 .contradici
1468 3729 1588 3768 non
1629 3709 1878 3786 possint.
1946 3709 2041 3767 Sit
2082 3727 2309 3784 verum,
2355 3709 2515 3784 quod
2556 3730 2689 3786 per-

343 3803 506 3864 hibet
561 3807 1012 3882 Argumentum
1068 3807 1190 3866 VI:
1237 3810 1369 3871 τοὺς
1413 3815 1700 3884 κωμικοὺς
1744 3811 1882 3884 πρὸς
1927 3825 2059 3870 τους
2102 3807 2479 3884 φιλοσόφους
2522 3809 2687 3883 ἔχειν
2726 3840 2737 3854 ·

344 3909 468 3960 τινὰ
533 3907 912 3976 ἀντιλογίαν,
977 3909 1180 3962 tamen
1234 3905 1468 3962 nullum
1524 3903 1815 3962 habemus
1870 3903 2161 3961 indicium
2200 3902 2684 3980 Aristophanem.

341 3999 854 4076 elegantissimum
909 4001 1280 4078 scriptorem,
1341 4000 1456 4072 „de
1511 3999 1829 4060 verborum
1886 4000 2360 4077 proprietatibus
2412 4008 2474 4059 et
2516 4000 2687 4060 diffe-

339 4097 566 4156 rentia'’
611 4096 820 4156 studia
861 4104 1106 4174 putasse
1149 4097 1431 4156 absurda.

413 4194 756 4254 Audiamus
813 4202 1106 4270 quantum
1165 4195 1404 4254 honoris
1460 4195 1698 4254 facetiis
1739 4196 2013 4254 innocuis
2056 4194 2339 4253 tribuerit
2380 4195 2685 4255 Brentano

338 4289 412 4368 (p.
453 4295 528 4351 71
575 4293 825 4353 Unters.
866 4301 924 4350 u.
969 4293 1028 4351 d.
1074 4293 1176 4350 Gr.
1223 4293 1486 4366 drama):
1533 4292 1773 4366 „Dahin
1816 4292 2033 4368 gehort
2075 4311 2160 4368 ea,
2189 4313 2367 4351 wenn
2396 4291 2685 4352 Sokrates

337 4389 472 4465 (636
547 4387 638 4462 ff.)
715 4389 776 4447 in
852 4389 954 4448 der
1032 4390 1659 4448 ma›·l:t.s·c·hreierischen
1750 4390 1937 4448 Weiss
2013 4390 2115 4447 der
2192 4390 2489 4464 Soplaeisten
2556 4389 2685 4449 sich

335 4484 608 4560 erbietet,
665 4483 874 4562 Dinge
929 4507 1002 4544 zu
1059 4486 1284 4562 lehren‚
1348 4507 1468 4545 von
1522 4485 1719 4544 denen
1776 4486 1887 4544 der
1944 4486 2196 4544 Schtiler
2234 4485 2389 4544 noch
2430 4487 2685 4546 niemals

336 4587 519 4642 etwas
580 4581 802 4660 gehbrt
862 4583 1014 4642 habe
1070 4617 1144 4625 ——
1202 4583 1336 4641 eine
1391 4583 1678 4641 Methode
1737 4583 1855 4641 den
1898 4583 2255 4642 Unterricht
2298 4583 2681 4660 einzuleiten‚

337 4679 560 4739 welche
617 4679 1300 4740 anerkanntennaassen
1355 4679 1466 4738 der
1521 4680 1950 4739 Sokratischeu
1993 4680 2311 4740 diametral
2352 4687 2684 4758 entgegen·

337 4783 572 4854 gesetzt
624 4798 770 4854 war,
826 4779 916 4836 als
973 4777 1596 4855 Eigenthiimlichkeit
1645 4779 1754 4836 des
1798 4779 2160 4856 Protagoras
2200 4779 2479 4856 dagegen
2526 4801 2683 4856 ganz
