3478 5737
845 1058 1049 1220 Du
1114 1095 1719 1225 NUB‘IUM
1795 1135 2450 1228 FAsstJ-LA.

1436 1338 1862 1353 mmwn

1226 1506 1567 1583 PARS
1633 1508 2072 1584 PRIOR.

479 1686 599 1753 De
656 1690 1135 1775 utriusque
1190 1696 1453 1772 Λόγου
1512 1694 2006 1760 certamine
2065 1694 2224 1780 (vs.
2285 1696 2822 1781 889—1105).

1394 2074 1783 2141 CAPUT
1849 2077 1901 2141 1.

776 2342 930 2412 Cur
978 2353 1206 2429 poeta
1254 2346 1696 2431 Improbum
1747 2348 2014 2416 fecerit
2059 2350 2522 2416 vincentem.

566 2538 601 2609 ἓ
654 2533 711 2596 1.
806 2533 938 2599 Fac
998 2533 1295 2615 aliquem
1362 2554 1449 2601 ex
1514 2537 1727 2602 insita
1793 2538 2164 2617 nativaque
2227 2538 2450 2603 indole
2515 2538 2826 2603 iustitiae

474 2656 898 2723 sinceritatis
958 2660 1320 2741 probitatis
1381 2679 1586 2741 quam
1655 2662 1961 2727 maxime
2008 2680 2158 2728 esse
2205 2662 2616 2745 studiosum,
2663 2680 2824 2727 eun-

476 2780 629 2845 dem
690 2788 922 2849 autem
986 2784 1058 2849 in
1105 2785 1432 2850 societate
1478 2790 1688 2867 atque
1742 2788 1886 2851 vita
1932 2786 2282 2852 communi
2332 2790 2610 2867 propter
2657 2787 2822 2851 illud

474 2904 701 2987 ipsum
784 2909 1159 2988 aequitatis
1240 2911 1545 2976 studium
1630 2929 1832 2993 saepe
1919 2913 2143 2976 multa
2229 2916 2594 2994 expertum
2675 2929 2826 2978 esse

472 3032 736 3114 acerba,
799 3069 859 3078 —
916 3033 1072 3124 quis
1117 3051 1254 3099 non
1301 3036 1521 3100 sentit
1568 3035 1780 3100 talem
1829 3036 2056 3100 virum
2099 3036 2361 3100 iustum
2395 3037 2822 3118 probumque

472 3151 819 3220 interdum
878 3157 1075 3222 facile
1125 3175 1321 3238 posse
1364 3159 1627 3240 adduci,
1679 3163 1758 3224 ut
1804 3177 2038 3224 secum
2086 3163 2382 3242 reputet,
2434 3177 2600 3225 num
2647 3161 2824 3224 forte

471 3296 599 3343 sua
666 3280 795 3344 sibi
867 3281 1130 3346 indoles
1198 3283 1292 3346 sit
1353 3284 1754 3364 perniciosa,
1819 3284 2080 3348 iniusto
2143 3283 2328 3348 enim
2378 3284 2824 3366 improboque

470 3408 711 3484 coepta
756 3407 1148 3486 prosperius
1192 3405 1551 3472 succedere
1598 3407 1816 3471 solere
1849 3424 2058 3486 quam
2101 3407 2305 3488 iust0,
2351 3411 2561 3487 utque
2601 3406 2824 3471 defen-

470 3529 633 3594 dere
678 3527 1008 3594 instituat
1040 3566 1123 3576 —
1156 3529 1251 3594 sit
1278 3531 1495 3594 animi
1527 3548 1732 3596 causa
1771 3567 1834 3576 —-
1869 3531 2261 3596 sententias
2305 3531 2543 3610 quales
2565 3531 2822 3595 Glauco

468 3653 543 3716 in
594 3651 903 3717 Platonis
946 3653 1319 3735 Republica
1363 3655 1472 3731 (ΙΙ.
1522 3657 1559 3716 3
1608 3657 1781 3734 sqq.)
1828 3655 2294 3720 defendendas
2340 3654 2678 3734 suscepit:

562 3778 764 3850 οὐδεὶς
808 3781 1012 3842 ἑκὼν
1062 3779 1304 3854 δίκαιος
1349 3778 1491 3842 ἀλλ’
1539 3779 2241 3862 ἀναγκαζόμενος.
2313 3777 2648 3844 λυσιτελεῖν
2696 3785 2817 3862 γὰρ

472 3901 551 3984 δὴ
600 3903 792 3966 οἴει-αι
830 3917 953 3977 πᾶς
986 3908 1144 3988 ἀνὴρ
1180 3905 1343 3970 πολὺ
1374 3905 1617 3987 μᾶλλον
1654 3907 1784 3988 ἰδίᾳ
1823 3913 1934 3986 τὴν
1971 3907 2225 3970 ἀδικίαν
2264 3920 2371 3988 τῆς
2403 3906 2823 3989 δικαιοσύνης.

564 4028 747 4092 Sunt
793 4045 1035 4093 revera
1079 4030 1329 4111 quibus
1374 4031 1681 4114 ipsorum
1728 4030 2004 4112 privata
2045 4030 2400 4095 commoda
2435 4030 2652 4110 magis
2683 4031 2826 4094 sint

471 4168 675 4216 curae
722 4168 929 4231 quam
978 4152 1049 4216 et
1092 4153 1386 4217 aliorum
1432 4153 1689 4217 civium
1724 4154 2151 4234 singulorum
2183 4154 2255 4218 et
2291 4154 2598 4218 civitatis
2623 4153 2822 4218 socie·

472 4275 777 4355 tatisque
810 4277 1033 4357 salus;
1080 4276 1325 4341 talium
1366 4293 1533 4342 sane
1570 4280 1680 4341 est
1721 4294 1998 4357 rogare:
2053 4277 2347 4360 „Utrum
2392 4277 2560 4341 mihi
2605 4277 2825 4357 magis

472 4403 583 4463 est
641 4400 847 4482 cordi,
913 4400 1185 4481 propria
1228 4417 1319 4465 an
1366 4401 1656 4465 aliorum
1704 4401 2054 4465 felicitas?
2125 4401 2367 4465 Nonne
2417 4402 2826 4465 verecundia

472 4503 972 4606 modestiaque,
1034 4525 1343 4589 civitatis
1402 4541 1559 4605 ergo
1622 4525 1831 4606 culta,
1879 4541 1990 4588 me
2039 4525 2282 4589 multis
2327 4524 2503 4590 solet
2549 4525 2824 4607 privare

473 4645 1050 4712 oblectationibus
1117 4646 1779 4728 voluptatibusque?
1849 4647 2014 4729 Quis
2085 4665 2192 4712 me
2263 4665 2499 4728 cogere
2568 4648 2824 4729 poterit

475 4773 557 4835 ut
604 4771 731 4834 sim
782 4771 1013 4837 iustus
1059 4788 1219 4852 erga
1264 4771 1455 4854 aliOS,
1506 4773 1810 4836 iniustus
1855 4775 2088 4837 autem
2137 4772 2208 4836 in
2256 4789 2366 4836 me
2411 4773 2637 4853 ipsum
2656 4769 2730 4836 ?’'
