3478 5737
1790 588 1878 651 40

662 780 865 845 dubio
932 780 1095 845 deos
1161 796 1298 845 non
1370 798 1780 865 magnopere
1845 788 2176 863 moretur,
2237 786 2472 849 tamen
2517 786 2996 863 argumentum

662 904 841 985 petit
888 920 975 968 ex
1024 904 1447 985 mythologia
1492 910 1620 982 (VS.
1668 906 1798 970 904
1847 911 2055 986 sqq.):

1198 1041 1333 1101 πῶς
1380 1029 1540 1111 δῆτα
1586 1031 1764 1114 δίκης
1811 1032 1998 1114 οὔσης
2045 1034 2078 1094 ὁ
2125 1036 2280 1104 Ζεὺς

1196 1158 1308 1217 οὒκ
1356 1154 1683 1220 ἀπόλωλεν
1734 1161 1842 1220 τόν
1891 1157 2110 1239 πατέρ’
2155 1166 2356 1221 αὑτοῦ

1194 1280 1421 1362 δήσας;

652 1390 661 1397 ’
750 1399 1025 1481 Optime
1085 1408 1287 1484 poeta
1345 1404 1523 1469 hanc
1588 1406 2016 1471 sententiam
2077 1405 2279 1470 initio
2338 1402 2742 1469 certaminis
2785 1402 3000 1485 ponIt.

662 1522 731 1587 Si
816 1524 1003 1589 enim
1088 1526 1367 1592 Iustitia
1448 1528 1609 1607 quid
1680 1529 1793 1611 sit,
1869 1528 2044 1594 unde
2113 1532 2297 1610 nata,
2367 1544 2610 1592 omnes
2681 1524 3006 1590 mortales

660 1649 869 1727 probe
914 1650 1171 1715 scirent
1215 1653 1288 1715 et
1335 1651 1405 1715 in
1454 1651 1715 1731 agendo
1763 1668 1836 1717 se
1883 1653 2057 1717 scire
2101 1651 2568 1732 ostenderent,
2615 1650 3010 1714 videremus

662 1776 973 1836 παύεσθαι
1040 1777 1153 1855 μὲν
1225 1780 1367 1848 τοὺς
1436 1776 1733 1849 δικαστὰς
1803 1776 1951 1862 δι’χα
2019 1778 2502 1861 ψηφιζομένους,
2565 1778 2878 1838 παύεσθαι
2941 1774 3007 1837 δὲ

664 1903 805 1971 τοὺς
866 1899 1131 1973 πολίτας
1178 1906 1313 1983 περὶ
1364 1914 1490 1965 τῶν
1541 1902 1804 1965 δικαίων
1852 1902 2297 1981 ἀντιλέγοντάς
2343 1928 2404 1965 τε
2451 1906 2556 1965 καὶ
2603 1900 3004 1965 ἀντιδικοῦν-

663 2049 775 2096 τας
821 2028 926 2088 καὶ
977 2024 1445 2103 στασιάζοντας,
1493 2032 1806 2090 παύεσθαι
1854 2028 1918 2091 δὲ
1966 2032 2075 2101 τὰς
2124 2026 2336 2101 πόλεις
2381 2028 2828 2109 διαφερομένας
2867 2026 3010 2105 περὶ

664 2162 789 2213 τῶν
880 2150 1142 2215 δικαίων
1214 2157 1317 2214 καὶ
1390 2150 1777 2233 πολεμούσας
1849 2153 2057 2231 (Xen.
2136 2152 2338 2217 Mem.
2405 2151 2524 2217 IV.
2594 2153 2653 2214 4.
2717 2152 2779 2230 8,
2841 2150 3010 2213 Sunt

663 2273 965 2340 Socratis
1032 2276 1251 2357 ipsius
1318 2278 1574 2359 verba),
1642 2293 1864 2358 neque
1911 2276 2296 2358 philosophi
2342 2293 2566 2355 neque
2610 2274 2850 2354 tragici
2895 2272 3010 2337 vel

662 2400 901 2465 comici
965 2404 1204 2482 poetae
1266 2400 1816 2481 disputationum
1880 2400 1962 2465 de
2009 2400 2278 2465 iustitia
2323 2400 2654 2465 seriarum
2703 2400 2776 2463 et
2821 2397 3010 2463 comi·

664 2542 897 2589 carum
946 2525 1280 2589 haberent
1324 2524 1707 2590 materiem.

752 2648 1063 2728 Uterque
1132 2646 1313 2728 λόγος
1384 2649 1546 2714 novi
1617 2648 1934 2729 discipuli
1995 2649 2468 2732 (Phidippidis)
2513 2648 2812 2729 gratiam
2859 2663 3010 2711 con-

664 2772 857 2852 sequi
905 2776 1215 2856 conatur,
1263 2774 1466 2853 idque
1524 2810 1587 2819 —
1638 2772 1814 2853 quod
1855 2774 2234 2838 notandum
2277 2811 2342 2817 —
2383 2776 2614 2837 tentat
2649 2771 3014 2836 maledicta

664 2896 1107 2976 conviciaque
1172 2898 1243 2962 in
1288 2897 1588 2962 alterum
1636 2897 1990 2962 iactando!
2063 2897 2642 2985 Oppositiouinter
2688 2914 2788 2978 ea,
2836 2911 3012 2975 quae

664 3021 752 3085 ab
812 3020 1247 3086 auditoribus
1306 3024 1821 3102 exspectantur,
1885 3039 1974 3086 sc.
2034 3025 2465 3104 argumenta,
2512 3021 3010 3103 persuasioneS,

664 3144 1113 3226 captationes,
1160 3149 1231 3210 et
1277 3163 1377 3228 ea,
1427 3162 1602 3225 quae
1648 3146 1737 3210 ab
1775 3147 2068 3225 utroque
2108 3145 2274 3228 λόγῳ
2313 3147 2776 3227 proferuntur,
2809 3142 3010 3209 comi·

664 3286 822 3334 cum
868 3269 1079 3334 habet
1122 3270 1462 3334 effectum.
1512 3269 1824 3334 Iniustus
1855 3270 2150 3336 alterum
2183 3271 2372 3336 hisce
2406 3271 2719 3352 increpat
2741 3267 3007 3334 verbis:

666 3393 1024 3476 τυφογέρων
1094 3397 1198 3456 καὶ
1267 3395 1676 3478 ἀνάρμοστος,
1747 3397 2023 3478 ἀρχαῖος,
2085 3399 2346 3480 αὐχμῶν
2412 3398 2702 3479 αἰσχρῶς,
2747 3393 3007 3476 Κρόνος.

666 3519 900 3583 Iustus
946 3517 1231 3590 minime
1276 3517 1403 3582 hac
1449 3517 1519 3582 in
1568 3533 1639 3582 re
1686 3517 1970 3582 inferior
2016 3519 2324 3602 discedit,
2371 3519 2800 3584 conviciatur
2822 3517 3008 3581 enim

666 3641 965 3706 Iniusboz
1006 3643 1413 3720 καταπύγων,
1444 3644 1880 3726 ἀναίσχυντος,
1916 3642 2298 3728 βωμολόχος,
2329 3641 2744 3726 πατραλοίας,
2777 3645 3012 3726 θρασύς

666 3763 814 3846 (bis,
861 3781 963 3828 VS.
1012 3765 1143 3830 890
1188 3769 1259 3830 eb
1304 3767 1479 3849 915),
1528 3765 1982 3848 λυμαινόμενος
2029 3783 2156 3842 τοῖς
2203 3773 2590 3862 μειρακίοις..

758 3887 1021 3954 Chorus
1066 3889 1244 3954 haud
1299 3889 1503 3955 dubie
1545 3895 2010 3974 spectatorum
2047 3894 2261 3959 animi
2299 3897 2735 3961 affectionem
2775 3893 3010 3958 volun-

673 4015 1021 4091 tatemque
1068 4011 1309 4093 reddit,
1359 4013 1547 4078 hisce
1594 4015 2073 4082 intercedendo
2122 4019 2352 4084 verbis
2397 4026 2524 4098 (vs.
2575 4019 2762 4097 934):

1202 4139 1527 4201 παύσασθε
1575 4142 1781 4225 μάχης
1826 4145 1930 4203 καὶ
1977 4141 2308 4224 λοιδορίας.

765 4258 1276 4340 „Institutionis
1335 4263 1673 4328 rationem
1734 4269 2023 4346 uterque
2085 4268 2216 4333 rite
2277 4272 2601 4351 exponat,
2651 4271 2730 4332 ut
2775 4264 3011 4330 iuveni

670 4380 910 4446 audita
954 4382 1422 4463 disputatione
1469 4387 1565 4450 sit
1610 4389 1864 4470 opt10.”

760 4505 1070 4570 Iniustus
1128 4507 1395 4572 dicendi
1457 4511 1720 4590 copiam
1783 4512 1950 4578 facit
2003 4513 2214 4592 Iusto,
2271 4516 2388 4597 qui
2436 4516 2593 4581 inde
2639 4533 2682 4580 a
2727 4532 2830 4580 va.
2879 4514 3014 4578 916

673 4645 889 4708 usque
943 4629 1027 4694 ad
1080 4630 1249 4694 1024
1294 4635 1960 4712 argumentationem
2009 4655 2204 4703 suam
2251 4641 2532 4721 profert,
2581 4641 2688 4705 bis
2731 4641 3016 4706 tanturn

674 4752 997 4818 brevibus
1041 4754 1664 4822 exclamationibus
1710 4760 1796 4823 ab
1843 4760 2110 4828 Iniusto
2156 4741 2636 4846 interpeilatus
2680 4770 2808 4843 (vs.
2842 4762 3014 4830 984:
