3478 5737
1546 610 1673 674 115

524 804 957 886 Rectissime,
1029 808 1107 869 ut
1174 806 1344 869 mihi
1423 806 1718 886 videtur,
1795 804 1879 869 ad
1959 806 2142 868 hunc
2205 803 2432 867 locum
2493 805 2785 867 annotat

442 928 516 993 G.
565 928 1042 993 Hermannus:
1096 928 1441 1013 „Coronae
1487 946 1641 994 eam
1688 929 1832 993 vim
1881 944 2032 993 esse
2069 926 2414 1007 significat
2447 926 2786 1008 Socratem,

444 1056 517 1115 ut
586 1051 851 1117 dicendi
918 1052 1235 1117 artificiis
1301 1054 1573 1117 imbuat
1642 1070 1824 1134 eum,
1893 1052 2003 1117 cui
2069 1050 2530 1133 imponatur.”
2600 1049 2786 1131 Quae

440 1179 665 1240 autern
748 1175 940 1241 addit
1011 1193 1073 1240 v.
1150 1177 1266 1241 cl.:
1355 1193 1663 1261 ηοω-οῦδ,
1745 1179 1822 1241 ut
1881 1176 1952 1239 in
2017 1174 2137 1238 vili
2201 1174 2322 1239 illa
2385 1178 2454 1237 et
2515 1173 2788 1238 sordida

441 1300 655 1381 domo.
744 1300 961 1365 multo
1004 1300 1224 1381 plena
1284 1304 1393 1365 est
1453 1301 1760 1381 pulvere,
1825 1316 1979 1379 qun,
2044 1299 2203 1363 dum
2269 1315 2351 1363 ea
2404 1298 2788 1378 imponitur

442 1422 897 1506 Strepsiadae,
975 1441 1285 1506 excussQ
1368 1425 1478 1489 hic
1552 1425 1685 1490 ait:
1763 1430 1854 1507 μὰ
1915 1428 2022 1488 τὸν
2097 1425 2216 1501 Δί’,
2284 1426 2358 1486 οὒ
2439 1425 2648 1505 ψεύσει
2717 1422 2786 1500 γέ

438 1550 575 1631 με,”
640 1549 870 1613 minus
932 1548 1308 1630 probabilia
1369 1550 1537 1613 mihi
1609 1550 1954 1614 videntur.
2031 1548 2188 1613 Vox
2235 1549 2420 1613 enim
2469 1548 2784 1633 παιπάλη,

442 1691 647 1754 quarn
715 1672 1035 1739 Socrates
1083 1674 1339 1755 tropice
1384 1674 1703 1737 adhibuit
1748 1677 1980 1754 (sensu
2027 1670 2537 1756 παιπαλήματος,
2584 1674 2784 1738 homi·

438 1800 541 1862 nis
577 1798 806 1861 callidi
849 1802 912 1861 et
957 1798 1245 1879 versuti),
1284 1815 1326 1861 a
1362 1798 1622 1862 rustico
1662 1798 1933 1879 proprio
1972 1816 2181 1863 sensu
2212 1800 2481 1880 (pollen.
2517 1798 2786 1879 farinae

426 1914 579 2001 flos)
624 1921 981 2003 accipitur.
1030 1920 1123 1985 Eo
1171 1921 1448 1985 nomine
1493 1922 1730 1985 audito
1779 1921 2114 1986 rusticum
2163 1921 2579 2003 perturbari,
2623 1920 2784 2001 quid

440 2046 713 2126 mirum,
791 2060 949 2108 cum
1023 2044 1159 2109 iarn
1238 2047 1516 2127 propter
1577 2062 1897 2110 coronam
1967 2046 2363 2127 impositam
2426 2045 2782 2110 victimam

438 2184 510 2233 se
591 2169 825 2233 haberi
915 2168 1003 2233 sit
1078 2168 1490 2251 suspicatus
1586 2168 1657 2233 Si
1729 2170 2050 2251 ponimus
2119 2169 2472 2234 Socratem
2543 2186 2786 2233 revera

438 2310 675 2357 senem
747 2292 927 2356 mola
997 2308 1461 2375 conspergere,
1529 2298 1606 2359 ut
1666 2297 1951 2357 censent
2005 2293 2328 2373 Kockius‚
2395 2293 2783 2375 Teuffelius‚

442 2416 909 2497 Leeuwenius‚
1018 2416 1312 2499 primam
1404 2417 1641 2481 scholii
1696 2417 1747 2493 1)
1837 2418 2478 2499 interpretationem
2564 2416 2784 2481 secuti

439 2558 697 2621 omnes,
748 2543 897 2604 tum
944 2556 1033 2604 ex
1074 2558 1229 2606 mea
1266 2541 1541 2621 quidem
1582 2542 1931 2607 sententia
1970 2556 2376 2623 magnopere
2417 2540 2558 2606 vim
2585 2540 2784 2605 comi·

440 2682 590 2729 cam
638 2665 1109 2729 attenuamuS.
1160 2664 1423 2731 Rustici
1472 2666 1657 2730 enim
1704 2682 1921 2746 angor
1969 2682 2094 2729 nos
2141 2664 2396 2729 maiore
2429 2664 2783 2729 hiiaritate

436 2788 670 2868 afficit,
741 2788 799 2851 si
868 2804 1149 2870 prorsus
1216 2790 1407 2853 nulla
1474 2789 1671 2853 adest
1738 2806 1964 2867 causa,
2037 2806 2240 2870 quam
2311 2788 2370 2851 si
2432 2788 2646 2868 adest,
2715 2791 2786 2851 et

440 2931 679 2978 revera
734 2913 1023 2999 παιπάλῃ
1088 2913 1196 2978 vel
1255 2914 1435 2979 mola
1480 2913 1661 2978 salsa
1706 2914 1844 2992 (vel
1892 2913 2194 2994 lapidum
2241 2913 2576 2994 pulvere?
2625 2912 2782 2977 vide

442 3054 501 3118 p.
553 3039 679 3102 114
719 3041 956 3104 notam
992 3039 1054 3117 2)
1102 3055 1261 3103 eum
1306 3041 1663 3119 tamquam
1713 3038 2012 3102 hostiam
2053 3037 2367 3102 videmus
2405 3036 2781 3118 conspergi.

442 3161 807 3228 Praeterea
886 3166 993 3228 est
1074 3160 1768 3227 animadvertendum
1853 3161 1926 3226 in
2011 3163 2342 3226 contextu
2427 3164 2534 3224 τὸν
2623 3163 2782 3242 ἱερὸν

441 3286 755 3367 σκίμποδα
820 3291 891 3351 et
954 3289 1061 3350 τὸν
1110 3287 1414 3369 στέφανον
1466 3285 1880 3350 nominatim
1927 3284 2230 3365 indicari,
2281 3283 2500 3348 molae
2545 3286 2780 3348 autern

441 3411 659 3476 salsae
704 3413 966 3476 nullam
1012 3411 1157 3475 fieri
1204 3411 1646 3476 mentionem.

528 3536 629 3600 Ut
674 3536 949 3617 saepius
980 3535 1116 3600 iam
1152 3536 1694 3612 observavimus
1730 3537 1896 3599 sunt
1927 3550 2196 3615 semper
2227 3533 2464 3597 rustici
2499 3549 2784 3614 erroreS,

442 3661 557 3740 qui
605 3661 823 3725 risum
870 3664 1174 3726 movent.
1222 3661 1529 3724 Socratis
1568 3661 2050 3741 paupertatem
2099 3674 2200 3721 vs,
2250 3659 2374 3720 254
2408 3657 2643 3738 (κάθιζε
2681 3660 2782 3720 ἐπὶ

443 3791 548 3851 τὸν
612 3785 1051 3867 σκίμποδα)
1110 3785 1437 3867 sugillari,
1504 3789 1581 3850 ut
1644 3783 2015 3848 Teuffelius
2073 3782 2487 3847 arbitratur:
2541 3783 2782 3866 „caeri-

444 3909 709 3974 moniae
754 3909 1169 3974 initiationis
1214 3912 1382 3974 sunt
1424 3909 1750 3990 sordidae,
1799 3905 2022 3987 qualis
2058 3906 2204 3986 ipse
2241 3905 2524 3987 fingitur
2557 3905 2784 3972 Socra-

520 4112 566 4180 1)
620 4112 828 4170 Animi
884 4130 1063 4169 causa
1118 4109 1391 4185 referam,
1449 4129 1733 4184 quasnam
1791 4107 2017 4167 scholia
2056 4107 2385 4186 praebeant
2427 4109 2783 4186 interpreta-

442 4209 653 4286 tioneS,
706 4192 973 4284 quarum·
1000 4208 1245 4266 ultimae
1291 4213 1414 4265 tres
1456 4208 1717 4283 scriptae
1761 4225 1994 4281 quoque
2035 4206 2322 4265 videntur
2362 4227 2396 4264 a
2435 4207 2782 4282 grammati-

440 4307 543 4379 cis,
608 4324 807 4364 rerum
868 4306 1275 4364 scaenicarum
1340 4305 1583 4362 minime
1642 4305 1874 4381 peritis.
1943 4305 1993 4360 1.
2061 4304 2547 4380 βαλλόμενος
2590 4311 2712 4382 γαρ
2755 4307 2780 4358 ὁ

442 4405 787 4481 πρεσβύτης
846 4406 939 4478 τῇ
992 4408 1341 4478 παιπάλη
1398 4408 1757 4460 ἀποσείεται.
1821 4403 1876 4459 2.
1923 4399 2369 4478 πληρωθεὶς
2411 4407 2556 4479 γὰρ,
2601 4401 2778 4479 φησὶ,

445 4503 757 4566 τούτων,
804 4507 967 4575 λέγω
1010 4501 1082 4575 δη
1131 4508 1272 4558 τῶν
1319 4503 1780 4578 τριμμάτιον
1827 4507 1970 4556 τῶν
2008 4497 2252 4562 λίθων
2291 4508 2386 4555 καὶ
2419 4499 2543 4566 της
2573 4502 2781 4556 λατύ-

442 4615 603 4672 πης,
663 4595 730 4670 ἣν
788 4596 1020 4674 ἔφαμεν
1078 4599 1384 4671 παιπάλην
1442 4593 1790 4661 καλεῖσθαι,
1847 4597 2176 4670 γενήσομαι
2232 4598 2526 4669 παιπάλη.
2589 4595 2644 4653 3.
2692 4599 2784 4670 τῇ

444 4695 649 4770 χιόνι
706 4694 1106 4770 παττόμεμος,
1159 4697 1261 4752 ἐὰν
1303 4700 1362 4756 αἱ
1404 4693 1685 4770 Νεφέλαι
1730 4691 2086 4769 διαχθῶσιν.
2151 4694 2206 4750 4.
2253 4694 2782 4769 καταπαττόμενος

444 4793 549 4848 ὑπὸ
593 4789 697 4848 σοῦ
742 4791 871 4856 ταῖς
914 4793 1181 4866 πληγαῖς
1222 4794 1318 4848 διαὶ
1363 4797 1440 4848 ταὶ
1482 4780 1847 4868 μαθηματαζ
1891 4794 2162 4864 παιπάλη
2205 4793 2554 4866 γενήσομαι.
