3478 5737
1526 612 1608 675 19

1057 820 1195 886 μῶν
1244 809 1309 870 ἐκ
1360 806 1575 871 καλῶν
1624 804 1683 871 εἶ
1724 812 2074 887 κάγαθὼνζ

478 914 873 997 Respondet
922 914 1304 979 Isiciarius:
1801 920 1890 996 μὰ
1937 920 2082 989 τοὺς
2129 918 2330 993 θεούς,

1053 1024 1105 1084 εἶ
1150 1026 1237 1102 μὴ
1286 1023 1350 1085 ἐκ
1400 1034 1695 1105 πονηρῶν
1745 1023 1826 1100 γ’.

480 1129 713 1194 Deru-2
1650 1126 1699 1193 ὦ
1755 1132 2020 1213 μακάριε
2067 1145 2176 1211 τῆς
2225 1132 2434 1215 τύχης,

838 1232 981 1298 ὅσον
1031 1236 1359 1308 πέπονθας
1406 1239 1655 1314 ἀγαθὸν
1702 1242 1788 1311 εἷς
1835 1242 1914 1302 τὰ
1961 1240 2323 1320 πράγματα.

480 1344 680 1409 Isim:
840 1340 1005 1421 ἀλλ’,
1051 1339 1278 1422 ὦγαθ’,
1326 1343 1467 1408 οὐδὲ
1513 1352 1824 1427 μουσικὴν
1873 1348 2233 1427 ἐπίσταμαι,

834 1449 1005 1531 πλὴν
1054 1454 1465 1533 γραμμάτων,
1512 1460 1615 1516 καὶ
1667 1468 1868 1518 ταῦτα
1914 1456 2125 1535 μέντοι
2187 1457 2396 1516 κακὰ
2463 1464 2740 1525 κακῶς.

480 1556 717 1624 Dem.:
840 1564 1015 1623 τουτὶ
1063 1563 1257 1640 μόνον
1306 1562 1362 1622 σ’
1410 1560 1707 1647 ἔβλαψεν,
1760 1561 1854 1626 ὅτι
1905 1568 2009 1626 καὶ
2073 1567 2280 1625 κακὰ
2345 1574 2628 1634 κακῶς.

480 1682 671 1747 Licet
715 1686 951 1748 autem
1003 1685 1075 1749 in
1122 1685 1337 1750 Ranis
1383 1691 1509 1765 (vs.
1555 1689 1685 1753 420
1732 1689 1904 1769 sqq.)
1949 1688 2360 1770 praesertim
2403 1686 2740 1751 Archede-

390 1824 581 1871 mum
642 1808 1088 1889 demagogum
1136 1807 1525 1875 ludificetur
1573 1812 1856 1893 Chorus,
1907 1812 2037 1895 ipsi
2086 1816 2318 1877 tamen
2369 1810 2738 1875 Athenien-

390 1948 501 1995 ses
546 1930 759 1997 etiam
806 1949 973 1999 voce
1043 1948 1309 2017 νεκροῖσι
1372 1938 1788 2017 tanguntur:

744 2062 885 2121 νυνὶ
934 2058 997 2122 δὲ
1044 2059 1413 2144 δημαγωγεῖ
1452 2066 1572 2139 (Sc.
1619 2066 1651 2125 ὁ
1699 2061 2128 2147 Ἀρχέδημος)

745 2168 807 2231 ἓν
857 2182 987 2241 τοῖς
1032 2169 1169 2232 άνω
1215 2182 1502 2251 νεκροῖσι,

744 2278 851 2339 καί
894 2278 1055 2341 ἔστιν
1104 2282 1181 2341 τὰ
1230 2291 1450 2360 πρῶτα
1500 2290 1607 2357 τῆς
1654 2279 1776 2339 ἐκεῖ
1823 2275 2191 2360 μοχθηρίας.

480 2398 689 2463 Recte
769 2400 983 2480 igitur
1062 2406 1356 2467 annotat
1446 2402 1706 2467 Schol.:
1795 2406 1879 2471 ὡς·
1956 2405 2233 2473 ἀσθενεῖς
2305 2404 2408 2461 καὶ
2483 2402 2732 2481 νεκροὺς

392 2520 718 2609 διαβάλλει
768 2530 911 2599 τοὺς
962 2526 1385 2610 Ἀθηναίους.

479 2646 623 2727 Quo
671 2646 741 2711 in
789 2648 1057 2713 iocandi
1090 2666 1337 2729 genere
1368 2648 1587 2713 facete
1622 2651 1822 2727 poeta
1854 2650 1934 2712 ut
1965 2647 2364 2729 saepissime
2397 2645 2732 2711 mundum

388 2788 670 2852 prorsus
731 2773 1137 2837 subversum
1196 2774 1324 2838 sibi
1382 2773 1608 2836 finxit.
1679 2770 2016 2850 Loquitur
2077 2770 2262 2834 enim
2326 2770 2588 2834 Chorus
2649 2788 2736 2835 ex

386 2896 741 2960 sententia
810 2899 1261 2976 mo1tuorum,
1326 2896 1521 2977 quasi
1568 2894 1771 2960 inferi
1818 2895 1963 2959 sint
2009 2894 2173 2976 vivi,
2221 2895 2448 2976 superi
2500 2899 2731 2960 autem

385 3029 502 3100 (sc.
550 3020 623 3084 in
672 3021 903 3098 terris)
951 3021 1207 3086 mortui
1256 3021 1363 3102 (cf.
1412 3021 1582 3085 Ran.
1637 3019 1809 3095 177.)

476 3145 553 3209 In
605 3144 877 3210 Avibus
922 3152 1049 3224 (vs,
1100 3146 1228 3210 753
1277 3149 1445 3225 sqq.)
1493 3161 1627 3209 non
1676 3143 1900 3208 solum
1947 3141 2326 3222 generatim
2366 3142 2436 3206 in
2486 3147 2732 3208 morta-

382 3265 553 3329 lium
604 3266 946 3330 libertatis
990 3267 1239 3348 studia‚
1288 3266 1407 3331 sed
1453 3266 1663 3330 etiam
1712 3265 1784 3328 in
1833 3264 2153 3328 miseram
2193 3265 2724 3332 Atheniensium

380 3389 695 3454 civitatis
740 3389 1203 3455 condicionem
1245 3391 1450 3454 iocari
1492 3389 1768 3454 videtur
1803 3392 2031 3469 poeta:
2066 3393 2172 3453 τὸν
2209 3391 2446 3472 πατέρα
2473 3395 2726 3457 τύπτειν

380 3515 511 3578 tibi
560 3513 836 3595 placet?
887 3514 1206 3594 Demigra
1253 3516 1323 3578 in
1376 3513 1632 3578 Avium
1682 3529 2004 3592 regnum:

562 3642 615 3702 εἷ
659 3638 789 3718 μετ’
837 3641 1113 3722 ὀρνίθων
1161 3666 1251 3712 τις
1303 3643 1497 3718 ὑμῶν,
1546 3635 1595 3701 ὦ
1641 3640 1887 3716 θεαταί,
1934 3637 2222 3724 βούλεται

561 3745 913 3811 διαπλέκειν
962 3747 1087 3822 ζῶν
1135 3747 1329 3831 ἡδέως
1376 3751 1445 3810 τὸ
1495 3746 1737 3824 λοιπόν,
1787 3750 1869 3819 ὡς
1919 3751 2080 3828 ἡμᾶς
2127 3748 2261 3810 ἴτω.

561 3853 676 3918 ὅσα
720 3859 841 3938 γάρ
886 3858 1048 3920 ἐστιν
1096 3853 1315 3920 ἐνθάδ’
1359 3859 1584 3940 αἰσχρὰ
1632 3869 1719 3942 τῷ
1770 3857 1942 3938 νόμῳ
1991 3859 2400 3938 κρατούμενα,

561 3977 763 4028 ταῦτα
808 3964 997 4027 πάντ’
1043 3966 1207 4028 ἐστὶν
1256 3965 1403 4046 παρ’
1453 3967 1602 4043 ἡμῖν
1654 3977 1849 4026 τοῖσιν
1901 3963 2135 4045 ὄρνισιν
2185 3961 2367 4026 καλά.

560 4076 611 4134 εἰ
657 4077 777 4154 γὰρ
822 4072 1040 4136 ἐνθάδ’
1088 4075 1253 4136 ἐστὶν
1303 4076 1556 4156 αἰσχρὸν
1608 4075 1713 4134 τὸν
1766 4070 2001 4155 πατέρα
2051 4075 2302 4136 τύπτειν
2352 4073 2546 4152 νόμῳ,

563 4181 732 4244 τοῦτ’
778 4183 903 4244 ἐκεῖ
946 4180 1138 4244 καλὸν
1190 4182 1339 4262 παρ’
1390 4185 1559 4260 ἡμῖν.
1610 4228 1624 4242 .
1677 4228 1691 4241 .

474 4298 713 4376 Itaque
759 4297 829 4360 in
877 4297 1244 4361 notissima
1290 4297 1411 4360 illa
1458 4297 1764 4361 Nubium
1813 4299 2010 4377 parte
2058 4301 2185 4370 (vs,
2239 4295 2404 4358 1321
2455 4295 2621 4374 sqq.)
2655 4298 2723 4357 τὸ

378 4427 490 4488 τὸν
540 4423 779 4504 πατέρα
827 4425 1077 4486 τύπτειν
1128 4423 1257 4487 ioci
1304 4439 1512 4486 causa
1560 4435 1671 4485 τοῦ
1718 4421 1978 4504 ἥττονος
2025 4437 2150 4502 Ope
2199 4419 2390 4499 λόγου
2431 4419 2721 4500 defendi,

377 4565 517 4612 non
570 4548 786 4628 magis
831 4551 938 4612 est
986 4547 1371 4612 mirandum
1421 4564 1626 4627 quam
1676 4546 1845 4610 illud
1893 4547 1966 4610 in
2015 4545 2380 4626 comoedia,
2431 4545 2496 4608 h.
2543 4561 2599 4606 e.
2649 4544 2720 4606 in

376 4672 617 4738 sabula
662 4672 901 4737 ludicri
952 4672 1174 4753 plena,
1222 4673 1309 4736 ab
1360 4672 1628 4736 Avibus
1674 4671 1816 4735 dari
1869 4671 2247 4734 consilium.
