3478 5737
1865 584 1950 645 88

732 794 881 841 esse
949 780 1252 857 furnum,
1321 796 1447 843 nos
1512 782 1746 843 autem
1818 779 2140 843 carbones.
2251 752 2528 861 Docent,
2593 777 2954 859 pecuniam
3019 777 3075 839 si

733 901 891 981 quis
957 900 1093 981 det,
1158 902 1492 980 quomodo
1556 900 1836 966 dicendo
1897 902 2128 965 vincat
2189 902 2261 965 et
2318 902 2574 966 iustam
2625 901 2698 965 et
2745 899 3074 965 iniustam

734 1025 1079 1089 causam.”

824 1148 1041 1213 Nemo
1108 1166 1246 1213 non
1314 1149 1680 1230 intellegit,
1747 1150 1833 1213 ad
1905 1150 2206 1230 primum
2275 1151 2494 1215 facete
2564 1150 2828 1214 dictum
2902 1149 3078 1227 quod

734 1273 1012 1355 attinet,
1076 1272 1441 1338 ridiculum
1498 1290 1649 1339 esse
1696 1274 1988 1338 stultum
2041 1274 2400 1355 rusticum,
2449 1272 2580 1353 qui·
2615 1291 2694 1339 eo
2742 1289 3082 1337 cominen-

734 1396 894 1462 dare
950 1397 1187 1462 studet
1246 1399 1613 1479 sapientes,
1677 1398 1856 1477 quod
1917 1415 1990 1462 se
2051 1398 2275 1479 ipsum
2339 1402 2412 1463 et
2459 1397 2672 1462 filium
2725 1402 2796 1462 et
2843 1414 3084 1461 omnes

734 1522 1061 1586 mortales
1106 1522 1409 1587 carbones
1455 1525 1723 1603 putent,
1772 1522 1845 1585 in
1893 1523 2094 1586 furno
2146 1522 2556 1587 habitantes.
2611 1521 2883 1585 Dixeris
2919 1538 3082 1585 cum

734 1644 911 1709 hanc
971 1646 1057 1709 ob
1119 1662 1261 1710 rem
1319 1646 1516 1710 irasci
1567 1648 1897 1726 oportere,
1945 1648 2067 1710 aut
2114 1646 2494 1727 perspicere
2543 1643 2790 1709 saltem
2837 1662 2910 1708 se
2957 1644 3082 1707 tali

737 1768 1328 1833 commendatione
1396 1768 1615 1833 filium
1663 1767 1883 1849 magis
1929 1769 2268 1832 deterrere
2315 1786 2357 1832 a
2403 1768 2827 1850 philosophis
2873 1784 3082 1847 quam

740 1888 1047 1971 incitare,
1126 1895 1205 1955 ut
1270 1906 1386 1955 608
1448 1890 1864 1971 frequentet.
1952 1889 2583 1954 commendationis
2644 1890 2860 1969 igitur
2921 1888 3085 1953 stul-

740 2012 902 2078 titia
946 2014 1167 2095 primo
1214 2015 1358 2078 loco
1406 2014 1622 2079 risum
1671 2016 1928 2078 movet.
1977 2015 2084 2077 An
2121 2014 2343 2077 credis
2375 2030 2614 2078 revera
2646 2012 3088 2095 philosophos

740 2136 917 2201 serio
978 2136 1289 2211 docuisse
1350 2138 1663 2203 homines
1723 2154 1874 2201 esse
1935 2138 2263 2202 carbones
2321 2114 2610 2216 ideoque
2653 2154 2772 2201 eos
2814 2136 3090 2200 irrideri

741 2278 783 2325 a
844 2261 1101 2325 rustico
1163 2256 1375 2325 vela
1435 2262 1691 2344 poeta?
1759 2262 1999 2343 ImmO,
2047 2264 2157 2325 est
2203 2261 2705 2343 Aristophanes
2751 2260 2918 2341 ipse,
2968 2261 3088 2339 qui

741 2385 1158 2464 ἐπιλέγειν
1230 2386 1565 2451 rusticum
1638 2386 1841 2451 facib:
1912 2390 2084 2467 ἡμεῖς
2147 2386 2203 2450 δ’
2267 2387 2576 2463 ἄνθρακες
2639 2386 2768 2467 (διὰ
2833 2390 2900 2449 τὸ
2963 2390 3091 2450 ὑπὸ

751 2512 929 2593 ἡλίου
1013 2514 1459 2595 θερμαίνεσθαι
1546 2514 1625 2576 ut
1702 2511 2083 2576 rectissime
2151 2511 2554 2577 scholiastes
2594 2510 2646 2587 1)
2717 2512 3088 2591 observat).

747 2640 962 2703 Estne
1028 2654 1226 2720 porro
1296 2636 1625 2719 placitum
1688 2637 1838 2701 sive
1897 2636 2264 2701 inventurn
2328 2636 2494 2701 illud
2561 2635 2849 2717 (caelum
2897 2636 3094 2700 vasis

744 2780 895 2828 esse
962 2764 1203 2844 instar,
1266 2762 1443 2843 quod
1504 2760 1991 2840 restinguendo
2052 2756 2192 2841 igni
2254 2765 2362 2825 est
2421 2761 2870 2835 destinatum)
2941 2764 3090 2825 tam

748 2888 975 2968 magni
1046 2887 1379 2952 momenti
1448 2903 1488 2950 a
1555 2885 1978 2966 philosophis
2037 2886 2371 2967 habitum,
2437 2890 2514 2951 ut
2577 2885 2740 2980 ferri
2790 2890 3096 2965 nequeat

747 3013 1083 3077 comicum
1166 3014 1439 3093 poetam
1523 3028 1609 3074 ex
1692 3027 1772 3074 eo
1853 3014 2065 3090 petere
2141 3010 2363 3076 facete
2433 3010 2752 3074 dictum?
2846 3009 3096 3074 Petere

744 3137 927 3202 enim
979 3137 1301 3201 facetiam
1347 3153 1435 3200 ex
1481 3135 1711 3215 aliqua
1757 3151 1830 3198 re
1877 3151 2314 3214 nequaquam
2353 3134 2534 3198 idem
2567 3134 2849 3199 duxeris
2879 3139 3096 3213 atque

747 3279 889 3326 rem
974 3279 1125 3325 eam
1210 3262 1430 3342 ipsam
1521 3260 1825 3324 irridere.
1931 3259 2144 3324 Estne
2237 3262 2584 3340 postremo
2673 3258 3092 3323 credendum

746 3385 1081 3451 comicum
1166 3385 1486 3449 habuisse
1568 3381 1930 3447 consilium
2014 3385 2136 3447 aut
2222 3399 2382 3447 eum
2465 3399 2708 3465 operae
2786 3381 3096 3464 pretium

744 3509 1023 3575 duxisse
1077 3508 1254 3573 tales
1302 3507 1860 3590 philosophorum
1906 3506 2254 3571 doctrinas
2300 3506 2581 3572 ridendo
2628 3506 3098 3588 perstringere

745 3634 966 3712 iisque
1014 3633 1357 3713 resistere,
1408 3633 1648 3712 utpote
1696 3629 2010 3695 societati
2059 3629 2511 3711 perniciosis?
2559 3633 2659 3695 At
2696 3631 2822 3695 hoc
2858 3631 3100 3694 absur-

752 3758 936 3822 dum.
1030 3757 1379 3839 Optimum
1468 3755 1637 3818 mihi
1724 3755 1996 3818 videtur
2079 3754 2428 3836 iudicium,
2514 3754 2692 3835 quod
2778 3753 3106 3835 perhibet

757 3881 1156 3946 scholiastes
1214 3880 1488 3960 quidam
1550 3879 1631 3943 ad
1696 3895 1798 3942 vs,
1859 3879 1964 3942 96.
2051 3877 2423 3958 Postquam
2485 3878 2700 3942 dixit:
2747 3879 2964 3942 ’ταῦτα
3031 3879 3102 3943 δὲ

755 4009 871 4082 (80.
939 4004 1200 4069 caelum
1269 4020 1418 4067 esse
1488 4002 1793 4077 furnum)
1863 4003 2153 4084 πρότερος
2221 4009 2536 4085 Κρατῖνος
2595 4004 2659 4067 ἐν
2717 4006 3105 4079 Πανόπταις

756 4129 1023 4211 δράματι
1087 4131 1223 4209 περὶ
1282 4125 1607 4199 Ἵππωνος
1654 4139 1766 4189 τοῦ
1813 4125 2156 4207 φιλοσόφου
2207 4127 2528 4210 κωμῳδῶν
2577 4133 2772 4192 αὐτὸν
2821 4128 2997 4208 λέγει,
3045 4130 3104 4208 2)

832 4355 881 4432 1)
962 4355 1179 4430 Aliter,
1224 4355 1422 4412 minus
1464 4359 1628 4412 recte
1669 4375 1746 4411 m.
1793 4355 1829 4412 i.
1875 4353 2119 4429 Grothe,
2163 4353 2242 4412 de
2285 4355 2530 4414 Socrate
2571 4355 2880 4434 Aristoph.
2903 4356 3104 4434 (Traj.

760 4453 935 4524 1843)
977 4472 1032 4528 p.
1076 4452 1183 4510 98:
1234 4449 1526 4524 „fortasse
1563 4453 1922 4510 translatum
1953 4473 1986 4512 a
2013 4451 2401 4530 philosophiS,
2434 4455 2536 4528 qui
2567 4454 2780 4512 stellas
2803 4459 2867 4512 et
2892 4453 3108 4514 sidera

754 4549 912 4606 sicut
953 4547 1239 4607 carbones
1280 4547 1457 4606 modo
1500 4549 1824 4626 exstingui,
1868 4551 2045 4608 modo
2074 4569 2284 4608 rursus
2312 4549 2558 4608 accendi
2589 4551 2931 4628 putarent.”
2956 4551 3106 4612 Vox

758 4643 1059 4723 ἄνθρακες
1100 4647 1382 4704 nimirum
1423 4644 1642 4706 festive
1685 4647 1906 4705 alludit
1947 4647 2024 4706 ad
2067 4646 2456 4706 vocabulum:
2501 4647 2823 4727 ἅνθρωποι.

838 4744 887 4818 2)
926 4743 1117 4802 Recte
1178 4763 1255 4803 m.
1298 4744 1337 4802 i.
1400 4745 1798 4802 Leeuwenius
1850 4745 1954 4819 (ad
2009 4765 2097 4805 vs,
2153 4747 2254 4824 96)
2311 4745 2544 4806 confert
2597 4746 2861 4807 Metonis
2911 4747 3110 4809 verba
