3478 5737
1530 592 1655 655 149

418 802 588 865 gens
660 784 933 869 „quidni
1008 788 1258 867 recte,”
1327 786 1429 851 ait
1497 788 1822 869 rusticUS,
1899 786 2190 870 „quippe
2262 786 2378 867 qui
2449 786 2770 852 militiam

420 909 761 990 deserat,”
844 916 917 974 et
986 910 1255 974 veritus
1326 926 1410 975 ne
1480 914 1721 993 pergat
1793 910 2122 991 magister
2191 928 2283 992 se,
2357 910 2768 993 discipulum

421 1033 760 1115 hebetem,
820 1033 907 1098 ad
965 1034 1215 1099 incitas
1276 1035 1605 1121 redigere,
1666 1035 1865 1117 quasi
1923 1036 2260 1117 superbus
2305 1038 2378 1099 et
2421 1052 2768 1119 arroganS,

362 1134 371 1143 ’
418 1158 582 1221 dum
652 1174 850 1223 suam
920 1158 1379 1239 ignorantiam
1451 1160 1669 1225 celare
1730 1162 2056 1225 conatur:
2114 1163 2274 1243 ἀτὰρ
2337 1161 2399 1224 τί
2459 1160 2669 1239 ταῦθ’,
2727 1160 2770 1224 ἃ

419 1286 719 1357 πάντες
786 1284 1039 1363 ἴσμεν,
1101 1285 1415 1364 μανθάνω
1433 1310 1455 1362 ,⁰
1524 1285 1755 1350 Verba
1814 1284 1856 1348 ἃ
1917 1287 2146 1360 πάντες
2212 1287 2384 1367 ἴσμεν
2451 1287 2768 1367 ambigue

416 1425 567 1471 esse
622 1408 805 1472 dicta
870 1413 1187 1489 apparet:
1238 1412 1470 1475 utrum
1525 1410 1902 1491 Amyniam
1947 1426 2098 1475 esse
2145 1410 2484 1476 feminam
2532 1428 2771 1475 omnes

416 1532 589 1596 scire
637 1532 974 1613 significet
1021 1532 1451 1615 Strepsiades
1486 1552 1575 1599 an
1614 1534 1847 1599 omnia
1885 1552 2057 1614 quae
2097 1534 2407 1601 docuerit
2449 1535 2768 1600 Socrates

414 1656 735 1720 omnibus
777 1674 927 1720 esse
966 1656 1349 1740 notissima,
1390 1657 1802 1739 praesertim
1842 1658 1938 1722 nil
1972 1658 2402 1740 intellegenti
2435 1658 2768 1741 discipulo

414 1779 565 1861 ipsi,
612 1781 1033 1859 spectatores
1077 1780 1237 1845 data
1285 1797 1493 1863 opera
1540 1780 1840 1846 incertos
1888 1782 2218 1863 relinquit
2265 1785 2486 1864 poeta.
2522 1780 2573 1859 1)

503 1902 693 1967 Satis
734 1904 1077 1985 apparuit,
1125 1902 1257 1969 nisi
1304 1905 1537 1969 omnia
1586 1920 1693 1970 me
1735 1904 2009 1987 fallunt,
2045 1904 2516 1988 Strepsiadem
2547 1906 2763 1970 etiam

414 2025 485 2089 in
534 2026 663 2091 hac
708 2042 953 2091 scaena
996 2045 1038 2091 a
1083 2026 1363 2093 Socrate
1409 2028 1481 2093 in
1528 2028 1886 2108 augustias
1931 2028 2175 2093 adduci
2223 2031 2295 2093 et
2342 2030 2426 2093 ob
2473 2044 2760 2111 erroreS,

415 2150 485 2213 in
546 2168 719 2231 quos
779 2150 1147 2230 inducitur,
1209 2152 1559 2231 animique
1626 2152 1853 2216 varias
1898 2153 2462 2217 conturbationes
2510 2156 2764 2233 specta·

412 2278 641 2338 torum
739 2275 1125 2339 attentione
1216 2276 1417 2340 unice
1515 2293 1665 2340 esse
1753 2276 2056 2356 dignum.
2150 2276 2468 2341 Dandum
2554 2276 2763 2356 igitur

416 2398 583 2462 mihi
648 2398 940 2480 videtur,
1005 2400 1129 2464 hoc
1198 2399 1341 2464 loco
1412 2400 1481 2464 et
1552 2400 2032 2481 philosophum
2099 2400 2328 2481 ipsum
2391 2401 2464 2464 et
2511 2387 2761 2483 studia,

414 2540 588 2602 quae
650 2524 1032 2605 profitetur,
1090 2524 1351 2588 intacta
1400 2523 1693 2605 relinqui
1743 2542 1866 2589 nec
1915 2524 2122 2589 rideri
2171 2524 2470 2589 omnino.
2543 2527 2759 2605 Quan-

414 2650 644 2728 topere
727 2664 769 2711 a
842 2650 1080 2712 nostra
1140 2664 1387 2713 scaena
1449 2648 1713 2713 distant
1775 2648 1930 2713 illae
1995 2648 2302 2713 Platonis
2366 2648 2436 2713 in
2502 2649 2759 2731 Euthy-

414 2772 609 2837 demo
692 2778 801 2854 τὴς
884 2788 1243 2856 σοφιστικῆς
1326 2772 1716 2856 διαλεκτικῆς
1804 2773 2171 2853 imagines!
2266 2772 2394 2854 Qui
2465 2773 2760 2853 denique

416 2898 717 2976 potuerit
778 2903 978 2978 poeta
1040 2917 1158 2979 per
1220 2899 1589 2964 ludibrium
1656 2901 1924 2963 vertere
1983 2898 2213 2963 studia
2258 2899 2757 2982 doctrinasque,

413 3037 583 3100 quas
666 3023 813 3104 ipse
899 3025 1134 3104 utpote
1202 3023 1760 3103 elegantissimus
1821 3026 2062 3087 auctor
2120 3023 2442 3087 adhibere
2512 3023 2757 3088 cotidie

411 3144 722 3226 debebat,
818 3147 970 3212 volo
1045 3151 1266 3211 artem
1346 3147 1726 3229 metricam,
1805 3163 2056 3226 genera
2137 3147 2755 3229 substantivorum,

411 3271 687 3334 cetera?
756 3271 1121 3336 Praeterea
1180 3275 1289 3335 est
1348 3271 1858 3335 concedendum
1905 3271 2212 3335 fabulam
2262 3274 2571 3335 nostram
2621 3288 2754 3335 non

412 3409 559 3458 esse
603 3394 931 3476 scriptam
978 3393 1150 3458 viris
1194 3395 1415 3459 doctis
1462 3395 1830 3475 hodiernis,
1881 3394 1995 3473 qui
2037 3410 2155 3475 pro
2197 3398 2383 3458 certo
2422 3394 2752 3458 constitui

488 3694 539 3768 1)
590 3692 988 3753 Leeuwenius
1044 3693 1121 3752 ad
1179 3695 1503 3772 Amyniam
1555 3699 1908 3768 ceterosque
1949 3698 2183 3752 tanturn
2227 3695 2488 3771 spectari
2530 3701 2751 3770 censet,

411 3810 529 3864 qua
569 3791 1070 3867 interpretatione
1112 3791 1259 3848 mihi
1298 3811 1510 3850 versus
1552 3791 1644 3850 vis
1687 3791 1914 3849 comica
1959 3791 2260 3850 attenuari
2302 3790 2564 3849 videtur.

490 3885 662 3960 Quae
700 3893 839 3965 post
882 3907 969 3946 vs.
1013 3889 1129 3946 693
1173 3888 1499 3966 respondet
1540 3889 1854 3946 Socrates:
1899 3889 2062 3944 οὐδὲν
2104 3893 2188 3963 μοὶ
2238 3887 2334 3955 Δί’
2359 3889 2509 3947 viris
2537 3887 2750 3966 doctiS,

409 3983 668 4063 duplicis
710 3987 1076 4045 recensionis
1117 3987 1379 4063 vestigia
1419 3985 1870 4062 indagantibus,
1913 3986 2160 4044 minime
2200 3986 2576 4063 placuerunt.

488 4080 821 4142 Teuffelius
863 4084 1109 4142 statuit:
1146 4085 1314 4157 „eine
1343 4082 1716 4160 unleugbare
1747 4081 2120 4141 Schroffheit
2149 4082 2258 4142 des
2285 4082 2749 4161 Uebergangs.''

408 4179 819 4239 Heidhuesius
858 4187 1061 4240 autem
1104 4180 1182 4260 (p.
1227 4182 1304 4239 23
1348 4187 1491 4241 nota
1531 4182 1634 4255 32)
1673 4179 2036 4240 vertendum
2076 4199 2208 4239 esse
2238 4186 2443 4240 censet
2469 4199 2606 4258 per:
2640 4181 2749 4259 „O,

408 4297 483 4335 zu
521 4297 635 4356 gar
672 4277 873 4336 nichts
892 4277 944 4337 !’'
988 4278 1386 4338 Leeuwenius
1426 4277 1679 4337 verbum
1722 4278 1884 4335 οὐδὲν
1927 4283 2034 4335 aut
2077 4284 2425 4356 corruptum
2467 4283 2572 4336 aut
2591 4279 2750 4338 lacu-

410 4393 519 4434 nae
561 4359 853 4434 indicium
895 4376 1255 4453 suspicatur.
1298 4374 1589 4435 Wolfius:
1638 4375 1785 4448 „das
1826 4374 1992 4433 kann
2029 4373 2190 4434 woh]
2229 4373 2436 4453 seyn.'’
2483 4374 2553 4434 G.
2597 4375 2750 4434 Her-

410 4491 693 4532 mannus:
764 4473 949 4546 „vitello
1003 4473 1229 4548 pact0,''
1289 4473 1419 4532 coll.
1464 4470 1644 4532 Avib.
1688 4491 1777 4530 vs.
1827 4473 1998 4530 1360.
2061 4471 2338 4530 Dixerim
2389 4470 2576 4531 verba
2617 4490 2750 4531 esse

410 4570 795 4630 concedentis
866 4605 939 4612 —
1005 4571 1087 4628 sit
1149 4571 1372 4628 ironice
1436 4589 1539 4626 -ε
1609 4573 1809 4643 „recte
1870 4569 2039 4644 dicia,
2105 4568 2256 4626 nihil
2315 4589 2464 4646 opus
2524 4573 2618 4628 est
2680 4574 2750 4628 ut

411 4667 745 4728 addiscas?
810 4669 1091 4745 Vestigia
1152 4673 1355 4727 autem
1415 4669 1613 4727 inesse
1668 4667 2118 4726 retractationis
2161 4672 2268 4726 aut
2310 4667 2373 4724 in
2413 4665 2526 4725 hoc
2566 4684 2748 4726 versu

410 4773 513 4824 aut
554 4767 617 4825 in
659 4767 1049 4845 praecedenti
1092 4765 1415 4824 admittere
1457 4785 1577 4823 non
1617 4783 1952 4843 possumus.
