3478 5737
1512 611 1636 672 165

396 804 815 869 minitantur
878 822 971 885 se,
1030 803 1301 868 laudem
1351 802 1409 865 si
1456 818 1593 865 non
1640 800 2002 884 accipiant,
2051 820 2170 867 eos
2217 804 2612 883 vexaturaS,
2663 806 2742 868 ut

394 933 577 993 certo
638 929 895 993 certius
954 946 1104 991 esse
1166 926 1424 991 dixeris
1468 942 1585 989 eas
1630 926 1780 1006 ipso
1827 926 2049 991 faceto
2097 927 2364 991 cantico
2413 931 2742 1009 spectato·

396 1070 546 1117 rum
591 1052 861 1115 animos
906 1052 1037 1116 sibi
1087 1050 1505 1115 conciliasse.

484 1180 789 1259 Apparet
834 1194 919 1241 cx
968 1178 1170 1241 hocce
1220 1176 1489 1239 cantico
1537 1178 1806 1257 poetam
1859 1175 1916 1239 N
1928 1176 2160 1239 ubium
2212 1176 2510 1241 Chorum
2559 1196 2742 1259 spec-

396 1302 735 1367 tatoribus
821 1300 1101 1365 minime
1186 1300 1462 1365 reddere
1534 1299 1836 1364 voluisse
1906 1300 2213 1365 invisum
2283 1302 2398 1366 sed
2469 1306 2744 1382 gratum

394 1428 902 1507 acceptumque.
992 1424 1346 1488 Habemus
1412 1424 1625 1504 igitur
1694 1440 1954 1488 novum
2022 1428 2533 1507 argumentum,
2611 1444 2743 1505 quo

390 1552 757 1632 probemus
802 1553 1043 1631 poetae
1088 1567 1223 1613 non
1274 1549 1485 1613 fuisse
1534 1566 1736 1613 curae
1787 1550 2138 1613 Socratem
2177 1550 2460 1630 eiusque
2494 1551 2736 1615 fautri-

391 1692 502 1739 ces
590 1678 1058 1755 representare
1142 1676 1495 1752 tamquam
1583 1673 1735 1737 odio
1821 1673 2276 1753 dignissimos.
2404 1674 2588 1754 Quod
2675 1674 2738 1737 si

390 1798 741 1879 voluisset,
788 1814 829 1861 a
875 1797 1378 1878 spectatoribus
1424 1813 1558 1861 non
1606 1797 1972 1879 petivisset
2018 1815 2178 1879 erga
2224 1798 2386 1863 deas
2434 1798 2741 1863 Nubium

392 1922 712 1985 favorem.
780 1920 1233 1985 Concedimus
1298 1921 1361 1983 h.
1409 1921 1453 1983 l.
1506 1920 1806 1985 Chorum
1853 1938 1924 1985 se
1973 1938 2110 1985 non
2157 1922 2481 2001 praebere
2524 1922 2738 2003 philo·

388 2045 649 2125 sophiae
694 2043 1043 2124 fautriceS,
1092 2044 1205 2107 sed
1240 2044 1517 2125 pluviae
1550 2044 2040 2125 grandinisque
2079 2046 2395 2109 auctores
2429 2044 2738 2123 divinas3

389 2168 577 2247 atqui
648 2168 932 2232 minime
1002 2168 1359 2249 oportebat
1424 2171 1696 2248 poetam
1763 2168 1998 2233 eadem
2064 2168 2392 2233 nebulosa
2452 2169 2741 2233 numina

388 2290 589 2356 aliam
652 2292 737 2355 ob
798 2291 1201 2356 facultatem
1266 2291 1568 2371 laudare,
1633 2291 1718 2354 ob
1781 2289 1988 2355 aliam
2037 2295 2272 2356 autem
2323 2292 2739 2374 vituperare.

388 2414 746 2478 Praeterea
792 2414 859 2479 in
912 2412 1180 2478 fabulae
1228 2416 1359 2479 fine
1390 2418 1627 2494 aperte
1665 2415 2020 2479 exsistunt
2053 2416 2398 2480 fraudium
2433 2416 2734 2498 ultriCOS,

385 2558 635 2619 perque
714 2542 933 2603 totam
1005 2540 1304 2604 fabulam
1377 2536 1791 2621 Strepsiadis
1861 2540 2296 2605 adversariae
2367 2541 2736 2621 imaginem

388 2682 541 2745 prae
603 2682 676 2729 se
740 2665 973 2728 ferunt
1018 2666 1319 2747 dearum,
1368 2682 1541 2744 quae
1590 2664 1655 2728 id
1704 2668 1943 2746 agunt,
1997 2668 2076 2729 ut
2124 2682 2460 2729 vanarum
2507 2683 2736 2729 rerum

384 2790 751 2872 studiosus,
814 2793 1175 2871 postquam
1238 2790 1311 2853 in
1372 2807 1673 2853 errorem
1738 2791 2378 2874 corroboraverunt,
2427 2789 2575 2872 ipsa
2625 2808 2734 2853 ex-

386 2914 717 2996 perientia
784 2914 1025 2979 doctus
1084 2915 1167 2978 ad
1224 2915 1576 2979 meliorem
1640 2933 1712 2980 se
1777 2915 2065 2996 recipiat
2113 2916 2402 2996 frugem,
2455 2919 2735 2997 propter

383 3041 557 3119 quod
630 3056 763 3104 non
828 3040 1237 3104 mediocrem
1301 3043 1765 3120 spectatorum
1829 3040 2100 3104 laudem
2162 3042 2372 3119 atque
2420 3039 2731 3103 favorem

381 3182 497 3228 eas
542 3165 672 3230 sibi
720 3164 1136 3245 conciliasse,
1186 3164 1383 3228 facile
1432 3163 1918 3243 intellegimus.
