3478 5737
1785 597 1909 660 168

660 792 909 871 Ecquis
953 791 1247 872 dubitat,
1296 790 1461 871 quin
1515 792 1938 870 spectatores
1975 789 2394 871 perspiciant
2434 792 2791 873 rusticum,
2829 808 3008 857 vana

660 933 779 997 spe
841 914 1269 995 obstrictum,
1332 914 1403 977 et
1462 930 1503 977 a
1566 912 1847 978 Socrate
1911 914 1983 977 et
2045 932 2086 977 a
2144 913 2360 977 Choro
2407 914 2570 977 data
2616 932 2819 996 opera
2865 920 3006 980 tan·

659 1045 893 1121 topere
961 1056 1111 1103 esse
1182 1038 1656 1118 illaqueatum,
1728 1041 1809 1102 ut
1869 1038 2008 1101 iam
2055 1038 2138 1101 ad
2203 1055 2546 1102 summam
2617 1042 3010 1121 pervenerit

658 1164 1092 1229 alacritatem
1140 1163 1688 1240 audaciamque?

749 1287 847 1351 Ut
891 1288 963 1352 in
1000 1286 1373 1367 tragoediis
1410 1286 1811 1367 saepissime
1845 1286 2139 1350 occurrit
2170 1290 2522 1369 εἰρωνεία
2556 1306 2728 1368 quae
2762 1289 3008 1353 dicitur

664 1411 938 1492 trayica,
966 1410 1017 1487 1)
1080 1410 1178 1475 sic
1240 1411 1310 1474 in
1359 1410 1705 1475 comoedia
1753 1426 2272 1490 nonnumquam
2319 1411 2500 1476 idem
2549 1412 2694 1476 fere
2739 1412 3006 1477 adhibe·

660 1538 774 1599 tur
826 1535 1324 1617 adiumentum,
1373 1550 1504 1614 quo
1552 1534 1850 1599 comicae
1897 1534 2286 1599 efficiantur
2333 1535 2765 1599 condiciones
2813 1536 3009 1601 ratio·

659 1677 935 1739 nesque.
1022 1660 1207 1740 Quae
1269 1662 1690 1739 spectatores
1741 1658 2184 1741 perspiciunt,
2235 1676 2544 1739 quaeque
2591 1660 2882 1739 insuper
2929 1662 3014 1724 ab

655 1784 812 1848 aliis
858 1782 1242 1866 personatis
1288 1786 1466 1848 nutu
1515 1783 1622 1847 vel
1656 1784 1866 1847 verbo
1891 1782 1941 1859 2)
1975 1784 2483 1863 spectatoribus
2518 1783 3011 1864 significantur,

662 1926 749 1972 ex
809 1909 895 1973 iis
956 1908 1129 1972 nihil
1191 1908 1563 1987 quidquam
1622 1907 2016 1987 suspicatur
2063 1907 2142 1989 ie,
2195 1908 2311 1987 qui
2360 1925 2584 1973 errore
2633 1907 2862 1988 aliquo
2910 1912 3018 1972 est

660 2035 1077 2111 occaecatus,
1126 2030 1703 2111 quemadmodum
1756 2030 2186 2110 Strepsiades
2233 2034 2491 2096 noster.

752 2156 917 2219 Post
974 2155 1321 2220 canticum
1370 2158 1564 2235 rogat
1611 2155 1914 2218 rusticus
1959 2155 2392 2237 magistrum,
2442 2160 2521 2219 ut
2567 2154 2784 2220 filium
2833 2156 3014 2219 foras

670 2280 755 2344 ad
804 2297 876 2343 se
922 2281 1198 2359 evocet;
1247 2278 1616 2359 impatiens
1662 2282 1896 2343 autem
1933 2295 2162 2343 morae
2187 2277 2238 2354 3)
2271 2279 2511 2343 statim
2545 2280 2692 2360 ipse
2726 2279 3018 2344 clamare

672 2404 898 2485 coepit
944 2408 1069 2485 (vs,
1123 2403 1353 2478 1162):

1206 2524 1255 2591 ὦ
1306 2530 1543 2605 τέκνον,
1592 2524 1640 2591 (ὖ
1689 2542 1829 2607 παῖ,
1880 2528 2077 2603 ’ἔξελθ’
2128 2531 2340 2593 οἴκων.

1208 2637 1301 2700 ἄϊε
1350 2652 1462 2700 σοῦ
1510 2639 1765 2721 πατρός.

750 2822 796 2897 1)
837 2821 1049 2880 Liceat
1090 2822 1167 2881 de
1210 2823 1431 2896 {raye'ca
1472 2822 1577 2882 illa
1622 2823 1807 2882 ἱνοιιία
1840 2823 2123 2881 nonnulla
2151 2822 2512 2898 exscribere,
2553 2840 2704 2897 quae
2735 2822 3025 2897 leguntur

673 2919 833 2998 apud
889 2941 945 2978 v.
1004 2919 1062 2978 d.
1118 2920 1192 2978 A.
1246 2921 1319 2979 Ε.
1362 2921 1569 2998 Haigh
1610 2921 1737 2996 (the
1781 2921 1980 2996 tragic
2021 2921 2250 2979 Drama
2291 2920 2360 2979 of
2398 2919 2500 2979 the
2547 2918 2799 2994 GreekS,
2851 2919 3020 2994 1896,

674 3016 1013 3094 Sophocles,
1078 3015 1183 3074 Ch.
1248 3017 1365 3075 ΙΠ.
1428 3017 1467 3094 ξ
1526 3019 1594 3075 8;
1640 3017 1770 3076 The
1811 3017 1998 3095 Irony
2041 3015 2108 3076 of
2147 3015 2472 3094 Sophocles
2515 3037 2574 3094 p.
2625 3017 2794 3094 174);
2839 3016 3022 3075 simili

675 3115 835 3172 enim
889 3112 1016 3172 sere
1072 3114 1247 3172 modo
1304 3116 1557 3173 ironiam
1614 3113 1891 3172 adhiberi
1945 3115 2008 3172 in
2060 3115 2401 3190 comoediiS,
2445 3119 2651 3172 nostra
2690 3112 2900 3172 sabula
2941 3115 3026 3170 in-

674 3213 884 3290 primis
926 3212 1120 3269 docet.
1190 3212 1352 3284 „The
1396 3232 1503 3270 use
1547 3211 1615 3270 of
1651 3213 1868 3288 ‘tragic
1911 3212 2120 3289 irony',
2167 3233 2232 3270 as
2276 3213 2326 3270 it
2369 3213 2477 3270 has
2519 3211 2674 3271 been
2716 3211 2928 3286 called,
2973 3212 3024 3268 is

677 3331 711 3368 a
752 3308 1052 3368 favourite
1093 3309 1304 3368 device
1346 3311 1408 3368 in
1452 3311 1533 3368 all
1574 3310 1870 3368 dramatic
1911 3310 2240 3368 literature.
2287 3311 2350 3367 It
2378 3311 2430 3368 is
2459 3310 2682 3387 mostly
2710 3308 3026 3386 employed

676 3406 851 3466 when
907 3426 1071 3466 some
1127 3407 1507 3485 catastrophe
1562 3407 1613 3466 is
1670 3405 1856 3466 about
1912 3411 1972 3466 to
2015 3407 2269 3484 happen,
2313 3407 2512 3468 which
2551 3407 2605 3466 is
2647 3407 2866 3466 known
2909 3405 3026 3466 and

678 3504 952 3564 foreseen
1009 3504 1095 3582 by
1136 3505 1239 3564 the
1281 3511 1631 3584 spectatore,
1675 3504 1790 3563 but
1831 3504 2150 3564 concealed
2191 3505 2386 3564 either
2425 3504 2582 3564 from
2623 3505 2722 3581 all,
2767 3525 2834 3562 or
2872 3503 3028 3562 from

679 3623 860 3678 some,
905 3600 973 3660 of
1010 3603 1111 3661 the
1154 3609 1351 3662 actors
1394 3605 1457 3660 in
1500 3603 1602 3661 the
1644 3601 1908 3660 drama.”
2689 3602 2698 3612 ‘

760 3703 809 3776 2)
867 3699 1037 3772 Quae
1100 3700 1176 3759 ab
1232 3701 1525 3759 histrione
1578 3701 1677 3759 vel
1721 3700 1915 3759 Choro
1972 3699 2050 3758 ad
2093 3706 2464 3776 spectatores
2508 3701 2700 3759 solum
2745 3700 3030 3758 dicuntur

681 3799 775 3858 vel
821 3795 1259 3875 significantur,
1302 3798 1481 3856 huius
1526 3800 1768 3875 generis
1810 3798 2034 3856 ironiae
2078 3798 2430 3856 inserviunt.

761 3897 810 3974 3)
874 3895 1148 3954 Coniecit
1208 3917 1264 3956 v.
1330 3897 1401 3954 cl.
1464 3897 1603 3954 Van
1664 3895 1970 3954 Leeuwen
2029 3897 2338 3954 Socratem
2391 3901 2532 3973 post
2591 3895 2747 3953 1164
2788 3894 3030 3953 domum

685 3993 869 4072 abire,
914 4013 1153 4053 saccum
1195 3993 1489 4070 auserem,
1534 3995 1742 4052 statim
1789 3999 1991 4052 autem
2031 3999 2170 4070 post
2203 3993 2403 4052 redire
2433 3993 2756 4052 comitante
2783 3990 3033 4068 Phidip-

686 4091 846 4168 pide.
921 4092 1055 4150 Hoc
1108 4093 1306 4149 minus
1362 4110 1693 4168 congruere
1753 4090 2014 4149 arbitror
2070 4111 2204 4149 cum
2247 4096 2460 4167 poetae
2503 4090 2768 4164 consili0,
2813 4090 3034 4166 quippe

688 4190 791 4266 qui
832 4209 941 4266 per
982 4194 1173 4248 totam
1216 4187 1500 4266 fabulam,
1546 4190 1691 4264 quin
1733 4189 1919 4246 etiam
1963 4190 2426 4266 ἀεροβατοῦντα,
2476 4187 2784 4246 Socratem
2813 4207 3036 4262 magna

689 4307 820 4345 cum
866 4288 1168 4362 gravitate
1208 4285 1424 4346 fecerit
1465 4293 1748 4363 agentem
1789 4306 1859 4344 ac
1902 4287 2263 4360 loquentem,
2295 4290 2364 4342 ut
2392 4287 2750 4362 magistrum
2779 4282 3036 4362 probum

690 4407 759 4444 ac
812 4404 1105 4462 severum,
1164 4385 1519 4460 praesertim
1575 4405 1721 4460 erga
1777 4384 2086 4460 rusticum,
2144 4383 2337 4441 decet.
2423 4383 2523 4441 Sic
2578 4383 3034 4460 oppositionem,

694 4483 873 4542 rebus
935 4483 1177 4541 comicis
1250 4483 1666 4559 necessariam,
1724 4482 1836 4539 hoc
1893 4482 2022 4539 loco
2076 4480 2352 4552 flagitare
2408 4481 2682 4556 dixerim,
2739 4486 2810 4538 ut
2863 4478 3038 4538 nobis

690 4579 987 4658 fingamus
1044 4580 1368 4656 Socratem,
1426 4581 1530 4654 qui
1582 4584 1720 4656 post
1771 4599 1859 4637 VS.
1908 4581 2079 4655 1147,
2125 4577 2228 4636 ubi
2271 4577 2450 4636 offert
2493 4578 2756 4654 agricola
2795 4597 3036 4636 saccum

691 4679 938 4755 farinae,
963 4697 1039 4736 ne
1066 4679 1296 4754 gratias
1324 4677 1567 4753 quidem
1596 4677 1744 4754 agit,
1775 4696 1971 4751 neque
2000 4677 2205 4735 statim
2235 4676 2479 4752 rusticO,
2511 4674 2746 4734 iubenti
2775 4681 3034 4734 κάλεσον

696 4782 929 4856 τρέχων
960 4776 1069 4854 (vs.
1106 4778 1299 4854 1164),
1332 4795 1555 4834 morem
1584 4794 1816 4852 gerere,
1850 4794 2042 4850 neque
2070 4795 2306 4834 saccum
2335 4773 2546 4834 famuli
2571 4775 2762 4832 instar
2782 4771 3036 4832 auferre.
