3478 5737
1946 587 2071 649 126

921 783 1053 862 λέγε
1101 809 1218 847 νυν
1267 785 1440 865 ἡμῖν,
1487 780 1520 843 ὅ
1568 784 1628 844 τί
1675 803 1771 843 σοι
1818 780 2083 863 δρῶμεν,
2133 789 2413 865 θαρρῶν,
2464 784 2548 854 ὡς
2594 786 2705 846 οὐκ
2753 785 3097 867 ἀτυχήσεις.

915 908 1364 990 Lepidissime
1433 911 1586 971 tum
1655 905 1981 987 rusticUS,
2053 906 2232 985 quod
2303 906 2443 970 iam
2506 907 3011 987 spectatoribus
3072 911 3181 971 est

829 1036 1095 1113 notum,
1147 1032 1330 1096 hisce
1376 1032 1597 1097 denuo
1645 1030 1979 1113 exprimit
2022 1030 2256 1096 verbis
2302 1033 2427 1110 (vs.
2476 1030 2607 1095 429
2654 1033 2815 1109 sq.):

1006 1152 1056 1219 ὦ
1105 1156 1448 1233 δέσποιναι,
1496 1154 1713 1235 δέομαι
1762 1156 1977 1219 τοίνυν
2026 1160 2203 1235 ὑμῶν
2254 1160 2431 1218 τουτὶ
2480 1153 2653 1219 πάνυ
2698 1155 2941 1235 μικρόν,

1008 1294 1132 1347 τῶν
1189 1280 1516 1363 “Ελλήνων
1563 1277 1724 1345 εἶναι’
1770 1306 1842 1362 με
1890 1279 2085 1359 λέγειν
2134 1283 2355 1345 ἑκατὸν
2404 1280 2746 1345 σταδίοισιν
2795 1281 3069 1363 ἄριστον.

918 1406 1436 1472 Observandum
1501 1410 1609 1471 est
1667 1406 2155 1471 altercationes
2215 1405 2821 1486 digressionesque,
2886 1422 3181 1485 quarum

833 1531 897 1595 h.
946 1530 988 1594 l.
1040 1532 1374 1595 habemus
1421 1530 1759 1611 exempla,
1808 1530 2055 1594 idcireo
2102 1530 2173 1594 in
2222 1530 2493 1594 theatro
2539 1529 2839 1623 libenter
2880 1546 2923 1593 a
2960 1529 3183 1609 poetis

830 1655 1163 1737 adhiberi,
1226 1656 1387 1734 quia
1449 1671 1708 1719 moram
1774 1654 2045 1718 fabulae
2108 1654 2564 1735 progressioni
2610 1653 2953 1717 afferendo
3000 1669 3181 1733 spec-

830 1783 1133 1844 tatorum
1181 1784 1439 1859 augent
1484 1778 1696 1842 animi
1744 1778 2229 1842 attentionem.

919 2028 956 2109 ξ
1010 2028 1111 2091 12.
1205 2027 1350 2091 Iam
1399 2026 1562 2089 illue
1599 2030 1707 2090 est
1746 2024 2193 2106 redeundum,
2236 2024 2414 2089 unde
2450 2026 2944 2089 aberravimus.
2996 2024 3184 2090 Post·

833 2169 1038 2231 quam
1117 2151 1422 2216 rusticus
1498 2150 1754 2214 iterum
1832 2150 2156 2229 (primum
2239 2166 2338 2213 vs.
2418 2149 2570 2231 315,
2646 2149 2783 2213 iam
2856 2167 2958 2213 vs,
3030 2150 3182 2227 364)

837 2276 1136 2341 Nubium
1207 2278 1415 2341 cantu
1490 2280 1629 2360 ἱερῷ
1701 2279 1803 2337 καὶ
1876 2286 2078 2361 σεμνῷ
2149 2278 2251 2337 καὶ
2325 2274 2651 2357 τερατώδη
2722 2274 3007 2338 mirifice
3076 2277 3186 2337 &St

835 2403 1099 2482 captuS,
1147 2400 1313 2465 dicit
1361 2400 1678 2465 Socrates
1724 2406 1851 2478 (vs.
1902 2400 2089 2479 365):

925 2523 1111 2589 αὗται
1171 2530 1292 2607 γὰρ
1342 2551 1434 2589 τοι
1481 2528 1670 2607 μόναι
1719 2529 1831 2589 εἶσὶ
1880 2527 2058 2589 θεαί·
2108 2523 2418 2589 τᾶλλα-δὲ
2468 2524 2655 2590 πάντ’
2705 2528 2831 2589 ἐστὶ
2881 2524 3183 2606 φλύαρος.

925 2650 1059 2714 Hic
1126 2667 1370 2714 versus
1415 2651 1636 2715 denuo
1685 2650 1793 2732 (cf.
1842 2666 1944 2714 vs.
1994 2650 2124 2713 329
2172 2655 2297 2729 sq.)
2344 2649 2522 2729 pilae
2568 2649 2919 2729 angularis
2965 2648 3185 2712 instar

839 2776 950 2837 est
997 2774 1382 2838 habendus:
1432 2789 1510 2837 eo
1558 2773 1741 2837 enim
1792 2773 2015 2837 utitur
2062 2776 2263 2852 poeta
2308 2777 2390 2837 ut
2426 2790 2581 2838 cum
2616 2771 3186 2854 praecedentibus

837 2899 1210 2978 coniungat
1291 2897 1675 2980 philosophi
1762 2897 2063 2962 ministri
2135 2898 2215 2961 de
2286 2899 2512 2964 dimna
2570 2898 2861 2962 Nubium
2930 2901 3187 2962 natu-ra

839 3023 1537 3102 argumentationem.
1620 3022 1954 3102 Credebat
2012 3021 2236 3086 adbuc
2282 3022 2711 3104 Strepsiades
2757 3023 2986 3088 Iovem
3036 3039 3187 3086 esse

839 3147 1040 3211 deum
1090 3147 1450 3227 optimum,
1500 3145 1914 3226 pluviarum,
1964 3145 2372 3228 tonitruum,
2419 3146 2789 3212 fulminum
2813 3151 3185 3226 auctorem,

841 3272 1056 3349 utque
1128 3269 1386 3351 periuri
1457 3269 1801 3333 feriantur
1865 3252 2247 3333 curantem.
2341 3269 2595 3335 Omnes
2657 3271 2784 3335 hae
2830 3271 3188 3350 opiniones

843 3394 1217 3474 Strepsiadi
1280 3393 1501 3457 adhuc
1549 3393 2043 3474 impedimento
2090 3397 2305 3474 erant,
2354 3394 2725 3474 quominus
2770 3411 2935 3459 suae
2981 3395 3187 3458 credi·

841 3523 1028 3583 tores
1087 3517 1369 3582 fallendi
1429 3517 1793 3598 cupiditati
1856 3516 2262 3596 indulgeret.
2337 3518 2801 3584 Excutiendae
2862 3519 3076 3599 igitur
3122 3519 3184 3582 ei

843 3643 924 3706 de
987 3643 1210 3722 capite
1271 3647 1436 3706 sunt
1481 3657 1845 3722 perversae
1892 3641 2050 3705 illae
2096 3642 2411 3708 notiones
2456 3644 2815 3724 omnisque
2860 3644 2942 3708 de
2987 3643 3186 3708 corde

845 3770 1091 3832 metus
1177 3765 1640 3830 Adducendus
1701 3765 1885 3829 enim
1948 3770 2058 3831 est
2102 3766 2184 3830 ad
2234 3768 2747 3847 persuasionem
2795 3768 2941 3832 fieri
2987 3783 3185 3848 posse

845 3907 1020 3970 quae
1110 3889 1592 3954 ardentissime
1681 3889 2149 3970 acerrimeque
2232 3895 2534 3974 expetat,
2633 3909 2723 3958 sc.
2808 3895 2889 3958 ut
2968 3892 3187 3958 totius

845 4015 1086 4080 mundi
1147 4014 1634 4094 societatisque
1697 4013 1820 4076 fiat
1880 4015 2167 4096 eversio,
2230 4017 2543 4097 propriae
2606 4016 2936 4082 utilitatis
2995 4016 3185 4080 liber-

843 4141 1148 4218 tatisque
1217 4138 1427 4203 studii
1497 4153 1673 4216 erge.
1762 4137 1998 4203 Denuo
2070 4139 2279 4219 igitur
2338 4144 2642 4222 apparet,
2706 4141 3052 4206 Socratem
3117 4139 3183 4202 id

841 4280 1038 4343 agere
1111 4269 1187 4327 ut
1254 4261 1548 4340 agricola
1617 4259 1909 4324 stolidus
1970 4261 2189 4341 ipsius
2250 4280 2557 4329 errorum
2621 4283 2828 4344 quam
2886 4265 3188 4328 maxime

845 4387 965 4452 fiat
1012 4387 1404 4452 ludibrium.
1455 4387 1696 4464 Itaque
1746 4401 2025 4465 prorsus
2062 4387 2405 4452 intactum
2441 4389 2853 4468 relinquitur
2886 4387 3190 4453 Socratis

846 4511 1064 4590 ipsius
1123 4511 1204 4574 de
1265 4512 1451 4576 hisce
1499 4511 1702 4574 rebus
1748 4509 2111 4592 iudicium;
2160 4513 2502 4594 intellegit
2546 4514 2732 4578 enim
2778 4531 2987 4578 cavea
3030 4529 3185 4578 eum

849 4638 1105 4702 rustico
1151 4639 1416 4718 egregie
1463 4635 1832 4717 imponere.
1894 4635 2044 4700 Non
2096 4636 2410 4704 Socrates
2455 4638 2684 4720 igitur,
2734 4638 2848 4702 sed
2900 4637 3187 4720 Strepsi-

849 4761 1012 4826 ades
1094 4761 1556 4827 cavillationis
1631 4760 1892 4824 aculeis
1958 4766 2067 4826 est
2134 4764 2544 4845 propositus
2636 4762 3187 4843 Ingeniosissime
