3478 5737
1805 621 1890 683 34

676 816 1078 898 tempestivi
1148 816 1220 880 et
1288 814 1587 879 indecori
1652 815 2158 897 inhonestique,
2221 815 2511 880 facetiae
2571 816 2644 879 et
2689 815 3026 881 innocuae

679 942 751 1005 et
795 940 1201 1006 temerariae
1250 940 1631 1005 necessario
1680 939 1750 1002 in
1802 938 2341 1019 uniuscuiusque
2381 939 2627 1004 sinceri
2667 941 3026 1019 severique

680 1065 811 1129 viri
860 1066 1185 1129 moveant
1232 1070 1497 1143 mente;
1538 1062 1822 1127 minime
1861 1066 2096 1128 autem
2135 1080 2400 1143 senene,
2436 1063 2686 1143 quibus
2715 1064 3030 1128 homines

680 1188 1188 1269 inconsiderati,
1252 1188 1369 1270 qui
1436 1187 1632 1251 facile
1696 1187 1768 1251 in
1831 1188 2202 1251 cachinnos
2248 1186 2517 1251 soleant
2563 1188 2840 1270 effundi,
2885 1186 3026 1251 affi-

679 1314 975 1378 ciuntur.
1068 1313 1437 1377 Piersonus
1498 1329 1585 1375 ex
1633 1312 1780 1375 suis
1825 1311 2046 1391 ipsius
2089 1312 2452 1375 affectibus
2498 1311 2711 1376 efficit
2757 1312 3028 1376 fabulas

685 1438 1233 1519 Aristophaneas
1277 1438 1360 1501 ad
1410 1435 1602 1501 νόθον
1655 1463 1709 1499 τι
1759 1437 1934 1515 γένος
1981 1436 2196 1521 τέχνης
2243 1436 2611 1517 pertinere.
2659 1434 2708 1514 1)
2789 1436 3026 1500 Imme-

686 1563 815 1626 rito
907 1578 998 1626 m.
1092 1561 1134 1625 i.
1230 1562 1285 1625 si
1378 1562 1698 1627 attendas
1787 1562 1871 1626 ad
1963 1561 2051 1643 id,
2149 1560 2326 1641 quod
2419 1563 2622 1641 poeta
2711 1560 3028 1643 inprimis

685 1685 985 1752 voluisse
1056 1685 1353 1767 videtur,
1426 1704 1518 1749 sc.
1588 1686 1906 1751 delectare
1955 1686 2194 1766 vulqus
2237 1686 2655 1749 illiteratum.
2681 1682 2734 1760 2)
2812 1684 3031 1763 Rogat

686 1827 883 1892 porro
970 1809 1354 1891 PiersonuS,
1448 1826 1786 1893 „waarom
1868 1809 2030 1874 deze
2091 1808 2632 1891 grappenmaker
2693 1808 2841 1873 zich
2902 1824 3028 1872 een

684 1933 949 1997 oordeel
1014 1936 1309 2013 vergunt
1369 1948 1534 1997 over
1594 1933 1862 2014 dingen,
1928 1933 2036 1997 die
2099 1932 2434 2013 blijkbaar
2491 1932 2624 2013 zijn
2674 1932 3033 2011 bevatting

686 2062 754 2122 te
823 2060 1042 2122 boven
1112 2074 1305 2137 gaan.
1400 2056 1549 2122 Hoe
1608 2038 1748 2121 kan
1795 2057 1955 2121 deze
2002 2074 2241 2122 censor
2289 2074 2425 2121 van
2473 2058 2683 2121 zeden
2729 2074 2814 2120 en
2862 2056 3030 2119 rich-

686 2182 921 2262 tingen
994 2198 1113 2245 zoo
1184 2182 1471 2262 vroolijk
1533 2182 1762 2262 zijn‘?”
1855 2180 2112 2246 Prioris
2158 2181 2581 2262 quaestionis
2625 2198 3032 2261 responsum

687 2307 861 2371 satis
926 2307 997 2370 in
1046 2310 1367 2386 promptu
1412 2324 1563 2370 esse
1612 2307 1782 2370 mihi
1833 2307 2121 2372 videtur.
2185 2306 2460 2371 Etenim
2509 2306 2686 2371 solet
2734 2306 3034 2371 comicus

686 2432 775 2495 iis
844 2434 1071 2513 rebus,
1140 2447 1313 2510 quae
1382 2431 1671 2496 affectus
1738 2435 2066 2496 moveant
2125 2432 2442 2513 comicos
2505 2431 2716 2497 nimis
2759 2430 3032 2496 titillari

686 2559 897 2635 atque
962 2554 1307 2620 stimulari
1355 2573 1559 2635 quam
1608 2560 1689 2621 ut
1736 2557 1880 2622 risu
1928 2560 2000 2621 et
2047 2557 2314 2622 facetiis
2361 2556 2580 2637 possit
2625 2560 3030 2636 temperare.

689 2678 945 2743 Deinde
998 2679 1182 2743 cadit
1226 2678 1367 2743 fere
1414 2680 1485 2744 in
1532 2680 1826 2745 comicos
1873 2681 2048 2760 quod
2097 2680 2441 2745 Lucianus
2487 2680 2619 2761 (Ad
2667 2678 3028 2759 Nigrinum

689 2803 887 2886 epist.
936 2803 1115 2880 init.)
1163 2803 1375 2868 refert
1422 2803 1934 2887 Thucydideum
1981 2802 2072 2882 3):

779 2933 814 3011 ἡ
862 2932 1111 3010 ἀμαθία
1147 2933 1257 3010 μὲν
1296 2937 1566 3012 θρασεῖς,
1600 2933 1900 3013 ὀκνηροὺς
1933 2931 1995 2992 δὲ
2031 2934 2098 2993 τὸ
2131 2927 2562 3010 λελογισμένον
2597 2930 3026 3013 ἀπεργάζεται.

692 3052 1009 3118 Alteram
1054 3054 1530 3134 quaestionem
1574 3071 1813 3135 reapse
1859 3071 1946 3119 ex
1993 3070 2218 3120 errore
2279 3054 2578 3137 vulgato,
2627 3072 2719 3120 sc.
2770 3054 3030 3118 Aristo-

692 3335 1011 3395 hominibus
1050 3335 1257 3408 facetis
1300 3342 1351 3394 et
1394 3337 1679 3395 diem-ibus
1721 3337 2145 3410 difficillimwn,
2189 3337 2392 3396 habere
2433 3337 2720 3396 hominum
2753 3337 3034 3394 rationem

692 3439 745 3492 el
808 3439 1122 3507 temporum
1182 3438 1235 3491 et
1298 3453 1379 3496 ea.
1446 3453 1588 3510 quae
1649 3441 1966 3509 oecurrzml,
2039 3455 2164 3493 eum
2223 3435 2542 3492 eds-isaim
2603 3434 2716 3492 diei
2771 3437 3031 3508 possunt,

693 3536 911 3604 tenere;
965 3531 1167 3605 itaque
1224 3550 1341 3590 non
1388 3532 1537 3590 nulli
1594 3529 1856 3612 [ridiculi
1919 3530 2208 3612 homines]
2254 3532 2366 3591 hoc
2409 3532 2606 3609 ipsum
2647 3551 2764 3590 non
2808 3531 3032 3590 insulse

695 3625 1209 3708 [interpretantur]
1273 3628 1474 3688 dicere
1536 3627 1737 3710 [enim]
1802 3631 1973 3688 aiunt
2027 3630 2308 3704 Ennium,
2350 3631 2644 3702 flammam
2687 3651 2722 3687 a
2762 3629 3034 3706 sapiente

694 3729 755 3800 (a
808 3723 1005 3784 faceto
1021 3725 1071 3804 2³)
1126 3725 1361 3797 facilius
1414 3745 1511 3785 ore
1554 3728 1611 3786 in
1653 3727 1888 3786 ardente
1930 3728 2196 3803 opprimi,
2242 3747 2412 3803 quam
2454 3728 2596 3785 bona
2637 3727 2789 3786 dieta
2831 3731 3032 3784 teneat.

780 3823 828 3901 l)
875 3822 1039 3896 „A.'s
1080 3823 1244 3882 werk
1288 3822 1539 3883 behoort
1580 3831 1672 3883 tot
1712 3845 1824 3883 een
1863 3823 2351 3884 bastaardsoort’'
2395 3825 2456 3903 (1.
2499 3825 2581 3901 1.).

778 3921 831 3996 2)
871 3919 946 3980 cf.
990 3921 1289 3979 Prooemii
1330 3921 1369 3998 ξ
1413 3923 1467 3996 6,
1512 3941 1567 3998 p.
1612 3922 1687 3979 21
1731 3941 1819 3996 sq.

778 4017 829 4095 3)
872 4015 1141 4076 Celebris
1216 4017 1593 4096 Thucydidis
1654 4019 1973 4096 sententia,
2038 4037 2216 4097 saepe
2278 4018 2354 4078 ab
2415 4019 2682 4094 antiquis
2743 4017 3032 4092 adhibita,

700 4115 927 4192 legitur
980 4115 1018 4173 l.
1074 4113 1159 4192 ΙΙ,
1219 4135 1269 4174 6.
1328 4115 1437 4174 40:
1497 4117 1613 4181 τοῖς
1668 4119 1876 4182 ἄλλοις
1918 4114 2153 4193 ἀμαθία
2196 4123 2304 4193 μὲν
2347 4114 2596 4194 θράσος,
2643 4117 2929 4194 λογισμὸς
2969 4117 3035 4172 δὲ

700 4214 865 4269 ὄκνον
909 4213 1097 4290 φέρει.
1334 4195 1339 4204 ’

780 4307 855 4368 cf.
898 4308 1106 4368 Iacobi
1146 4310 1463 4388 Bernaysii
1506 4311 1583 4370 de
1622 4311 1893 4371 Luciano
1938 4312 2226 4370 iudicium
2268 4311 2522 4383 (Lucian
2563 4311 2687 4370 und
2721 4311 2820 4370 die
2842 4309 3038 4388 Kyni-

700 4408 811 4466 ker
884 4428 943 4484 p.
1012 4409 1143 4482 43):
1212 4409 1411 4480 „Kein
1472 4409 1662 4468 Leser
1723 4409 1832 4468 des
1892 4409 2120 4468 Lucian
2183 4409 2336 4468 wird
2400 4427 2464 4467 es
2525 4409 2652 4467 sich
2713 4407 3038 4466 verhehlen

702 4507 941 4565 konnen
993 4506 1118 4563 und
1172 4505 1279 4564 hat
1332 4526 1396 4564 es
1438 4507 1567 4565 sich
1606 4507 1766 4566 wohl
1802 4507 1868 4582 je
1909 4507 2202 4584 verhehlt,
2247 4507 2388 4565 dass
2429 4525 2496 4564 er
2536 4505 2688 4564 eben
2729 4524 2795 4564 so
2836 4505 3040 4580 wenig

700 4603 803 4661 die
858 4603 1377 4682 philosophischen
1433 4604 1728 4682 Systeme.
1788 4605 1888 4663 die
1931 4625 1996 4664 er
2038 4609 2391 4682 verspottet‚
2433 4605 2548 4662 wie
2589 4603 2700 4662 das
2741 4602 3040 4680 epikurei-

704 4699 865 4776 sche,
929 4701 1038 4760 das
1099 4721 1165 4760 er
1224 4702 1593 4761 schliosslich
1656 4703 1962 4778 erwiihlte,
2021 4703 2240 4780 jemals
2297 4703 2356 4760 in
2411 4701 2602 4759 ihr-em
2643 4698 3040 4778 organischen

706 4797 1231 4875 Zusammenhang
1272 4820 1344 4856 zu
1386 4800 1728 4876 ergriinden
1770 4801 1922 4859 auch
1963 4821 2076 4859 nur
2117 4801 2364 4860 Austalt
2404 4799 2687 4876 gemacht
2726 4797 2888 4857 hat.‘’⁷
