<?xml version="1.0" encoding="UTF-8"?>
<!DOCTYPE html PUBLIC "-//W3C//DTD XHTML 1.0 Transitional//EN"
    "http://www.w3.org/TR/xhtml1/DTD/xhtml1-transitional.dtd">
<html xmlns="http://www.w3.org/1999/xhtml" xml:lang="en" lang="en">
 <head>
  <title>
</title>
<meta http-equiv="Content-Type" content="text/html;charset=utf-8" />
  <meta name='ocr-system' content='tesseract 3.04.00' />
  <meta name='ocr-capabilities' content='ocr_page ocr_carea ocr_par ocr_line ocrx_word'/>
</head>
<body>
  <div class='ocr_page' id='page_1' title='image "./dearistophanisi00heldgoog_0113.png"; bbox 0 0 3478 5737; ppageno 0'>
   <div class='ocr_carea' id='block_1_1' title="bbox 1538 602 1622 665">
    <p class='ocr_par' dir='ltr' id='par_1_1' title="bbox 1538 602 1622 665">
     <span class='ocr_line' id='line_1_1' title="bbox 1538 602 1622 665; baseline -0.024 0"><span class='ocrx_word' id='word_1_1' title='bbox 1538 602 1622 665; x_wconf 84' lang='lat'>97</span> 
     </span>
    </p>
   </div>
   <div class='ocr_carea' id='block_1_2' title="bbox 387 792 2758 3973">
    <p class='ocr_par' dir='ltr' id='par_1_2' title="bbox 401 792 2758 1369">
     <span class='ocr_line' id='line_1_2' title="bbox 410 792 2757 875; baseline 0.002 -20"><span class='ocrx_word' id='word_1_2' title='bbox 410 808 724 857; x_wconf 86' lang='lat' dir='ltr'>revocare</span> <span class='ocrx_word' id='word_1_3' title='bbox 786 795 1250 859; x_wconf 87' lang='lat' dir='ltr'>studiosorum</span> <span class='ocrx_word' id='word_1_4' title='bbox 1311 794 1755 875; x_wconf 76' lang='lat' dir='ltr'><strong>nostratium,</strong></span> <span class='ocrx_word' id='word_1_5' title='bbox 1822 794 2019 858; x_wconf 91' lang='lat' dir='ltr'>modo</span> <span class='ocrx_word' id='word_1_6' title='bbox 2080 792 2400 858; x_wconf 87' lang='lat' dir='ltr'>sodalicio</span> <span class='ocrx_word' id='word_1_7' title='bbox 2460 793 2757 859; x_wconf 87' lang='lat' dir='ltr'>initiato-</span> 
     </span>
     <span class='ocr_line' id='line_1_3' title="bbox 410 898 2758 997; baseline 0 -17"><span class='ocrx_word' id='word_1_8' title='bbox 410 932 576 997; x_wconf 83' lang='lat' dir='ltr'>rum,</span> <span class='ocrx_word' id='word_1_9' title='bbox 625 932 871 997; x_wconf 79' lang='lat' dir='ltr'>mores,</span> <span class='ocrx_word' id='word_1_10' title='bbox 922 921 1002 982; x_wconf 92' lang='lat' dir='ltr'>ut</span> <span class='ocrx_word' id='word_1_11' title='bbox 1047 898 1220 997; x_wconf 85' lang='lat' dir='ltr'>quae</span> <span class='ocrx_word' id='word_1_12' title='bbox 1268 917 1562 982; x_wconf 77' lang='lat' dir='ltr'>cochleis</span> <span class='ocrx_word' id='word_1_13' title='bbox 1607 918 1717 981; x_wconf 90' lang='lat' dir='ltr'>vel</span> <span class='ocrx_word' id='word_1_14' title='bbox 1768 917 1985 981; x_wconf 89' lang='lat' dir='ltr'>clavis</span> <span class='ocrx_word' id='word_1_15' title='bbox 2031 916 2433 982; x_wconf 87' lang='lat' dir='ltr'>confirmata</span> <span class='ocrx_word' id='word_1_16' title='bbox 2476 916 2758 981; x_wconf 88' lang='lat' dir='ltr'>videant</span> 
     </span>
     <span class='ocr_line' id='line_1_4' title="bbox 406 1020 2758 1122; baseline 0 -19"><span class='ocrx_word' id='word_1_17' title='bbox 406 1039 576 1104; x_wconf 86' lang='lat' dir='ltr'>clam</span> <span class='ocrx_word' id='word_1_18' title='bbox 639 1020 1201 1121; x_wconf 85' lang='lat' dir='ltr'>petulantiaeque</span> <span class='ocrx_word' id='word_1_19' title='bbox 1263 1041 1700 1122; x_wconf 78' lang='lat' dir='ltr'>indulgentes</span> <span class='ocrx_word' id='word_1_20' title='bbox 1761 1040 2105 1106; x_wconf 84' lang='lat' dir='ltr'>revellant</span> <span class='ocrx_word' id='word_1_21' title='bbox 2162 1040 2619 1119; x_wconf 71' lang='lat' dir='ltr'>auferentque</span> <span class='ocrx_word' id='word_1_22' title='bbox 2684 1042 2758 1104; x_wconf 91' lang='lat' dir='ltr'>et</span> 
     </span>
     <span class='ocr_line' id='line_1_5' title="bbox 405 1162 2755 1245; baseline 0 -19"><span class='ocrx_word' id='word_1_23' title='bbox 405 1162 582 1227; x_wconf 91' lang='lat' dir='ltr'>domi</span> <span class='ocrx_word' id='word_1_24' title='bbox 652 1166 1017 1245; x_wconf 88' lang='lat' dir='ltr'>conspicuo</span> <span class='ocrx_word' id='word_1_25' title='bbox 1079 1165 1150 1229; x_wconf 92' lang='lat' dir='ltr'>in</span> <span class='ocrx_word' id='word_1_26' title='bbox 1215 1164 1359 1229; x_wconf 90' lang='lat' dir='ltr'>loco</span> <span class='ocrx_word' id='word_1_27' title='bbox 1419 1168 1777 1245; x_wconf 77' lang='lat' dir='ltr'>tamquam</span> <span class='ocrx_word' id='word_1_28' title='bbox 1838 1164 2162 1229; x_wconf 82' lang='lat' dir='ltr'>audaciae</span> <span class='ocrx_word' id='word_1_29' title='bbox 2218 1164 2755 1244; x_wconf 76' lang='lat' dir='ltr'>calliditatisque</span> 
     </span>
     <span class='ocr_line' id='line_1_6' title="bbox 401 1266 1595 1369; baseline 0.003 -20"><span class='ocrx_word' id='word_1_30' title='bbox 401 1286 594 1367; x_wconf 86' lang='lat' dir='ltr'>signa</span> <span class='ocrx_word' id='word_1_31' title='bbox 642 1288 1072 1369; x_wconf 87' lang='lat' dir='ltr'>suspendant</span> <span class='ocrx_word' id='word_1_32' title='bbox 1117 1266 1595 1353; x_wconf 81' lang='lat' dir='ltr'>collocentve‘?</span> 
     </span>
    </p>

    <p class='ocr_par' dir='ltr' id='par_1_3' title="bbox 400 1379 2753 1743">
     <span class='ocr_line' id='line_1_7' title="bbox 490 1379 2753 1494; baseline 0 -19"><span class='ocrx_word' id='word_1_33' title='bbox 490 1410 561 1476; x_wconf 89' lang='lat' dir='ltr'>Si</span> <span class='ocrx_word' id='word_1_34' title='bbox 607 1412 734 1477; x_wconf 84' lang='lat' dir='ltr'>tibi</span> <span class='ocrx_word' id='word_1_35' title='bbox 783 1413 994 1478; x_wconf 89' lang='lat' dir='ltr'>talem</span> <span class='ocrx_word' id='word_1_36' title='bbox 1045 1379 1353 1478; x_wconf 67' lang='lat' dir='ltr'>sodalicii</span> <span class='ocrx_word' id='word_1_37' title='bbox 1399 1413 1694 1478; x_wconf 89' lang='lat' dir='ltr'>alicuius</span> <span class='ocrx_word' id='word_1_38' title='bbox 1746 1414 2031 1477; x_wconf 84' lang='lat' dir='ltr'>hilarem</span> <span class='ocrx_word' id='word_1_39' title='bbox 2070 1412 2525 1494; x_wconf 85' lang='lat' dir='ltr'>petulantiam</span> <span class='ocrx_word' id='word_1_40' title='bbox 2566 1414 2753 1475; x_wconf 90' lang='lat' dir='ltr'>recte</span> 
     </span>
     <span class='ocr_line' id='line_1_8' title="bbox 400 1535 2751 1619; baseline 0 -20"><span class='ocrx_word' id='word_1_41' title='bbox 400 1535 628 1601; x_wconf 89' lang='lat' dir='ltr'>animo</span> <span class='ocrx_word' id='word_1_42' title='bbox 691 1536 926 1619; x_wconf 75' lang='lat' dir='ltr'>fingeS,</span> <span class='ocrx_word' id='word_1_43' title='bbox 987 1538 1273 1603; x_wconf 87' lang='lat' dir='ltr'>habebis</span> <span class='ocrx_word' id='word_1_44' title='bbox 1333 1538 1404 1602; x_wconf 78' lang='lat' dir='ltr'>et</span> <span class='ocrx_word' id='word_1_45' title='bbox 1467 1538 1672 1603; x_wconf 89' lang='lat' dir='ltr'>huius</span> <span class='ocrx_word' id='word_1_46' title='bbox 1719 1539 1846 1603; x_wconf 91' lang='lat' dir='ltr'>loci</span> <span class='ocrx_word' id='word_1_47' title='bbox 1896 1539 1971 1603; x_wconf 79' lang='lat' dir='ltr'>et</span> <span class='ocrx_word' id='word_1_48' title='bbox 2018 1536 2241 1602; x_wconf 86' lang='lat' dir='ltr'>totius</span> <span class='ocrx_word' id='word_1_49' title='bbox 2286 1540 2561 1601; x_wconf 88' lang='lat' dir='ltr'>nostrae</span> <span class='ocrx_word' id='word_1_50' title='bbox 2608 1536 2751 1601; x_wconf 88' lang='lat' dir='ltr'>fere</span> 
     </span>
     <span class='ocr_line' id='line_1_9' title="bbox 403 1660 1554 1743; baseline 0.003 -19"><span class='ocrx_word' id='word_1_51' title='bbox 403 1660 670 1725; x_wconf 87' lang='lat' dir='ltr'>fabulae</span> <span class='ocrx_word' id='word_1_52' title='bbox 717 1662 1030 1727; x_wconf 87' lang='lat' dir='ltr'>animum</span> <span class='ocrx_word' id='word_1_53' title='bbox 1081 1664 1554 1743; x_wconf 89' lang='lat' dir='ltr'>habitumque.</span> 
     </span>
    </p>

    <p class='ocr_par' dir='ltr' id='par_1_4' title="bbox 399 1784 2750 2610">
     <span class='ocr_line' id='line_1_10' title="bbox 495 1784 2749 1863; baseline -0 -14"><span class='ocrx_word' id='word_1_54' title='bbox 495 1786 706 1863; x_wconf 84' lang='lat' dir='ltr'>Atqui</span> <span class='ocrx_word' id='word_1_55' title='bbox 757 1803 982 1851; x_wconf 87' lang='lat' dir='ltr'>nonne</span> <span class='ocrx_word' id='word_1_56' title='bbox 1029 1787 1440 1852; x_wconf 88' lang='lat' dir='ltr'>credendum</span> <span class='ocrx_word' id='word_1_57' title='bbox 1492 1786 1849 1853; x_wconf 86' lang='lat' dir='ltr'>Socratem</span> <span class='ocrx_word' id='word_1_58' title='bbox 1894 1786 2019 1850; x_wconf 82' lang='lat' dir='ltr'>ioci</span> <span class='ocrx_word' id='word_1_59' title='bbox 2064 1804 2269 1850; x_wconf 75' lang='lat' dir='ltr'>causa</span> <span class='ocrx_word' id='word_1_60' title='bbox 2314 1784 2451 1849; x_wconf 87' lang='lat' dir='ltr'>tale</span> <span class='ocrx_word' id='word_1_61' title='bbox 2482 1784 2749 1849; x_wconf 84' lang='lat' dir='ltr'>furtum</span> 
     </span>
     <span class='ocr_line' id='line_1_11' title="bbox 403 1908 2749 1993; baseline 0 -21"><span class='ocrx_word' id='word_1_62' title='bbox 403 1910 696 1974; x_wconf 81' lang='lat' dir='ltr'>secisse?</span> <span class='ocrx_word' id='word_1_63' title='bbox 745 1910 1006 1975; x_wconf 89' lang='lat' dir='ltr'>Merum</span> <span class='ocrx_word' id='word_1_64' title='bbox 1057 1915 1527 1976; x_wconf 88' lang='lat' dir='ltr'>commentum</span> <span class='ocrx_word' id='word_1_65' title='bbox 1574 1915 1701 1993; x_wconf 85' lang='lat' dir='ltr'>est,</span> <span class='ocrx_word' id='word_1_66' title='bbox 1752 1910 1847 1975; x_wconf 87' lang='lat' dir='ltr'>nil</span> <span class='ocrx_word' id='word_1_67' title='bbox 1880 1909 2215 1991; x_wconf 90' lang='lat' dir='ltr'>amplius;</span> <span class='ocrx_word' id='word_1_68' title='bbox 2246 1926 2489 1973; x_wconf 85' lang='lat' dir='ltr'>revera</span> <span class='ocrx_word' id='word_1_69' title='bbox 2520 1908 2749 1973; x_wconf 90' lang='lat' dir='ltr'>Socra·</span> 
     </span>
     <span class='ocr_line' id='line_1_12' title="bbox 403 2032 2742 2115; baseline -0 -19"><span class='ocrx_word' id='word_1_70' title='bbox 403 2036 543 2097; x_wconf 89' lang='lat' dir='ltr'>tem</span> <span class='ocrx_word' id='word_1_71' title='bbox 605 2033 1226 2115; x_wconf 86' lang='lat' dir='ltr'>quadragenarium</span> <span class='ocrx_word' id='word_1_72' title='bbox 1288 2038 1361 2099; x_wconf 93' lang='lat' dir='ltr'>et</span> <span class='ocrx_word' id='word_1_73' title='bbox 1421 2052 1582 2099; x_wconf 85' lang='lat' dir='ltr'>mox</span> <span class='ocrx_word' id='word_1_74' title='bbox 1643 2032 2305 2115; x_wconf 88' lang='lat' dir='ltr'>quinquagenarium</span> <span class='ocrx_word' id='word_1_75' title='bbox 2356 2048 2475 2112; x_wconf 90' lang='lat' dir='ltr'>per</span> <span class='ocrx_word' id='word_1_76' title='bbox 2520 2032 2742 2096; x_wconf 89' lang='lat' dir='ltr'>iocum</span> 
     </span>
     <span class='ocr_line' id='line_1_13' title="bbox 403 2154 2748 2239; baseline 0 -20"><span class='ocrx_word' id='word_1_77' title='bbox 403 2172 640 2221; x_wconf 85' lang='lat' dir='ltr'>carnes</span> <span class='ocrx_word' id='word_1_78' title='bbox 699 2157 808 2221; x_wconf 88' lang='lat' dir='ltr'>vel</span> <span class='ocrx_word' id='word_1_79' title='bbox 873 2162 1140 2221; x_wconf 87' lang='lat' dir='ltr'>vestem</span> <span class='ocrx_word' id='word_1_80' title='bbox 1205 2158 1638 2239; x_wconf 78' lang='lat' dir='ltr'>surripuisse,</span> <span class='ocrx_word' id='word_1_81' title='bbox 1703 2174 1911 2221; x_wconf 87' lang='lat' dir='ltr'>cavea</span> <span class='ocrx_word' id='word_1_82' title='bbox 1959 2172 2045 2221; x_wconf 92' lang='lat' dir='ltr'>ne</span> <span class='ocrx_word' id='word_1_83' title='bbox 2090 2154 2423 2236; x_wconf 86' lang='lat' dir='ltr'>suspicari</span> <span class='ocrx_word' id='word_1_84' title='bbox 2472 2154 2748 2234; x_wconf 90' lang='lat' dir='ltr'>quidem</span> 
     </span>
     <span class='ocr_line' id='line_1_14' title="bbox 403 2278 2747 2363; baseline -0 -20"><span class='ocrx_word' id='word_1_85' title='bbox 403 2284 658 2361; x_wconf 81' lang='lat' dir='ltr'>potest;</span> <span class='ocrx_word' id='word_1_86' title='bbox 723 2282 979 2345; x_wconf 87' lang='lat' dir='ltr'>etenim</span> <span class='ocrx_word' id='word_1_87' title='bbox 1043 2282 1102 2345; x_wconf 91' lang='lat' dir='ltr'>si</span> <span class='ocrx_word' id='word_1_88' title='bbox 1165 2281 1616 2363; x_wconf 78' lang='lat' dir='ltr'>philosophus</span> <span class='ocrx_word' id='word_1_89' title='bbox 1678 2281 2219 2362; x_wconf 85' lang='lat' dir='ltr'>perpetravisset</span> <span class='ocrx_word' id='word_1_90' title='bbox 2274 2278 2416 2343; x_wconf 92' lang='lat' dir='ltr'>tale</span> <span class='ocrx_word' id='word_1_91' title='bbox 2461 2278 2747 2359; x_wconf 81' lang='lat' dir='ltr'>furtum,</span> 
     </span>
     <span class='ocr_line' id='line_1_15' title="bbox 399 2402 2750 2489; baseline 0 -22"><span class='ocrx_word' id='word_1_92' title='bbox 399 2404 852 2484; x_wconf 86' lang='lat' dir='ltr'>omnibusque</span> <span class='ocrx_word' id='word_1_93' title='bbox 884 2406 952 2470; x_wconf 92' lang='lat' dir='ltr'>id</span> <span class='ocrx_word' id='word_1_94' title='bbox 985 2409 1169 2471; x_wconf 89' lang='lat' dir='ltr'>esset</span> <span class='ocrx_word' id='word_1_95' title='bbox 1196 2408 1458 2489; x_wconf 71' lang='lat' dir='ltr'>notum,</span> <span class='ocrx_word' id='word_1_96' title='bbox 1487 2406 1718 2469; x_wconf 88' lang='lat' dir='ltr'>minus</span> <span class='ocrx_word' id='word_1_97' title='bbox 1742 2408 1926 2469; x_wconf 88' lang='lat' dir='ltr'>certe</span> <span class='ocrx_word' id='word_1_98' title='bbox 1951 2405 2489 2485; x_wconf 76' lang='lat' dir='ltr'>inexspectatUS‚</span> <span class='ocrx_word' id='word_1_99' title='bbox 2519 2402 2750 2468; x_wconf 89' lang='lat' dir='ltr'>minus</span> 
     </span>
     <span class='ocr_line' id='line_1_16' title="bbox 399 2527 2747 2610; baseline 0 -19"><span class='ocrx_word' id='word_1_100' title='bbox 399 2529 756 2609; x_wconf 76' lang='lat' dir='ltr'>innocuae,</span> <span class='ocrx_word' id='word_1_101' title='bbox 821 2530 1054 2594; x_wconf 90' lang='lat' dir='ltr'>minus</span> <span class='ocrx_word' id='word_1_102' title='bbox 1116 2529 1446 2594; x_wconf 89' lang='lat' dir='ltr'>ridiculus</span> <span class='ocrx_word' id='word_1_103' title='bbox 1507 2528 2013 2610; x_wconf 86' lang='lat' dir='ltr'>spectatoribus</span> <span class='ocrx_word' id='word_1_104' title='bbox 2068 2528 2263 2592; x_wconf 82' lang='lat' dir='ltr'>visus</span> <span class='ocrx_word' id='word_1_105' title='bbox 2308 2529 2493 2591; x_wconf 89' lang='lat' dir='ltr'>esset</span> <span class='ocrx_word' id='word_1_106' title='bbox 2537 2527 2747 2591; x_wconf 71' lang='lat' dir='ltr'>iocus</span> 
     </span>
    </p>

    <p class='ocr_par' dir='ltr' id='par_1_5' title="bbox 395 2651 2746 3101">
     <span class='ocr_line' id='line_1_17' title="bbox 488 2651 2745 2735; baseline 0 -21"><span class='ocrx_word' id='word_1_107' title='bbox 488 2651 633 2715; x_wconf 82' lang='lat' dir='ltr'>Iam</span> <span class='ocrx_word' id='word_1_108' title='bbox 698 2653 1120 2717; x_wconf 79' lang='lat' dir='ltr'>redeundum</span> <span class='ocrx_word' id='word_1_109' title='bbox 1180 2652 1264 2717; x_wconf 84' lang='lat' dir='ltr'>ad</span> <span class='ocrx_word' id='word_1_110' title='bbox 1329 2670 1428 2717; x_wconf 85' lang='lat' dir='ltr'>VS.</span> <span class='ocrx_word' id='word_1_111' title='bbox 1495 2654 1656 2717; x_wconf 79' lang='lat'>179:</span> <span class='ocrx_word' id='word_1_112' title='bbox 1723 2656 1787 2716; x_wconf 67' lang='grc' dir='ltr'>ἐκ</span> <span class='ocrx_word' id='word_1_113' title='bbox 1836 2652 2381 2735; x_wconf 73' lang='grc' dir='ltr'><strong><em>τῆς.παλαι’στρας</em></strong></span> <span class='ocrx_word' id='word_1_114' title='bbox 2428 2656 2745 2731; x_wconf 60' lang='lat' dir='ltr'>&amp;muitum</span> 
     </span>
     <span class='ocr_line' id='line_1_18' title="bbox 395 2775 2743 2859; baseline 0.001 -21"><span class='ocrx_word' id='word_1_115' title='bbox 395 2775 537 2855; x_wconf 85' lang='lat' dir='ltr'>(sic.</span> <span class='ocrx_word' id='word_1_116' title='bbox 587 2776 666 2839; x_wconf 83' lang='lat' dir='ltr'>G.</span> <span class='ocrx_word' id='word_1_117' title='bbox 719 2775 1182 2857; x_wconf 83' lang='lat' dir='ltr'>Hermannus‚</span> <span class='ocrx_word' id='word_1_118' title='bbox 1235 2778 1482 2858; x_wconf 76' lang='grc' dir='ltr'><em>ἱμάτιον</em></span> <span class='ocrx_word' id='word_1_119' title='bbox 1534 2778 1815 2841; x_wconf 89' lang='lat' dir='ltr'>Brunck</span> <span class='ocrx_word' id='word_1_120' title='bbox 1864 2795 1985 2859; x_wconf 86' lang='lat' dir='ltr'>pro</span> <span class='ocrx_word' id='word_1_121' title='bbox 2032 2777 2341 2841; x_wconf 90' lang='lat' dir='ltr'>codicum</span> <span class='ocrx_word' id='word_1_122' title='bbox 2380 2780 2743 2854; x_wconf 78' lang='grc' dir='ltr'>θοιμάτιον)</span> 
     </span>
     <span class='ocr_line' id='line_1_19' title="bbox 397 2899 2746 2982; baseline 0.001 -18"><span class='ocrx_word' id='word_1_123' title='bbox 397 2899 697 2981; x_wconf 67' lang='grc' dir='ltr'><em>ὑφείλετο,</em></span> <span class='ocrx_word' id='word_1_124' title='bbox 760 2919 964 2980; x_wconf 90' lang='lat' dir='ltr'>quem</span> <span class='ocrx_word' id='word_1_125' title='bbox 1027 2919 1306 2966; x_wconf 86' lang='lat' dir='ltr'>versum</span> <span class='ocrx_word' id='word_1_126' title='bbox 1369 2903 1586 2967; x_wconf 87' lang='lat' dir='ltr'>dictas</span> <span class='ocrx_word' id='word_1_127' title='bbox 1647 2905 1730 2967; x_wconf 88' lang='lat' dir='ltr'>ob</span> <span class='ocrx_word' id='word_1_128' title='bbox 1792 2919 2035 2967; x_wconf 86' lang='lat' dir='ltr'>causas</span> <span class='ocrx_word' id='word_1_129' title='bbox 2097 2919 2293 2982; x_wconf 77' lang='lat' dir='ltr'>aegre</span> <span class='ocrx_word' id='word_1_130' title='bbox 2340 2901 2746 2966; x_wconf 86' lang='lat' dir='ltr'>desiderare-</span> 
     </span>
     <span class='ocr_line' id='line_1_20' title="bbox 395 3025 652 3101; baseline -0.004 -12"><span class='ocrx_word' id='word_1_131' title='bbox 395 3043 555 3089; x_wconf 90' lang='lat' dir='ltr'>mus</span> <span class='ocrx_word' id='word_1_132' title='bbox 577 3025 652 3101; x_wconf 84' lang='lat'>1).</span> 
     </span>
    </p>

    <p class='ocr_par' dir='ltr' id='par_1_6' title="bbox 387 3148 2743 3973">
     <span class='ocr_line' id='line_1_21' title="bbox 485 3148 2743 3230; baseline 0 -17"><span class='ocrx_word' id='word_1_133' title='bbox 485 3148 1070 3228; x_wconf 82' lang='lat' dir='ltr'>Quemadmodum</span> <span class='ocrx_word' id='word_1_134' title='bbox 1109 3149 1362 3214; x_wconf 90' lang='lat' dir='ltr'>ianitor</span> <span class='ocrx_word' id='word_1_135' title='bbox 1397 3151 1596 3214; x_wconf 79' lang='lat' dir='ltr'>iocose</span> <span class='ocrx_word' id='word_1_136' title='bbox 1641 3186 1700 3194; x_wconf 93' lang='lat'><strong>—</strong></span> <span class='ocrx_word' id='word_1_137' title='bbox 1744 3165 1832 3212; x_wconf 81' lang='lat' dir='ltr'>ex</span> <span class='ocrx_word' id='word_1_138' title='bbox 1871 3149 2112 3213; x_wconf 87' lang='lat' dir='ltr'>rustici</span> <span class='ocrx_word' id='word_1_139' title='bbox 2150 3151 2387 3213; x_wconf 92' lang='lat' dir='ltr'>autem</span> <span class='ocrx_word' id='word_1_140' title='bbox 2426 3149 2743 3230; x_wconf 91' lang='lat' dir='ltr'>opinione</span> 
     </span>
     <span class='ocr_line' id='line_1_22' title="bbox 387 3271 2741 3366; baseline -0 -30"><span class='ocrx_word' id='word_1_141' title='bbox 387 3273 556 3336; x_wconf 75' lang='lat' dir='ltr'>serio</span> <span class='ocrx_word' id='word_1_142' title='bbox 615 3309 680 3316; x_wconf 90' lang='lat'>—</span> <span class='ocrx_word' id='word_1_143' title='bbox 739 3271 1088 3336; x_wconf 83' lang='lat' dir='ltr'>Socratem</span> <span class='ocrx_word' id='word_1_144' title='bbox 1157 3273 1326 3336; x_wconf 86' lang='lat' dir='ltr'>furti</span> <span class='ocrx_word' id='word_1_145' title='bbox 1395 3272 1774 3352; x_wconf 80' lang='lat' dir='ltr'>insimulat,</span> <span class='ocrx_word' id='word_1_146' title='bbox 1838 3271 1937 3336; x_wconf 90' lang='lat' dir='ltr'>sic</span> <span class='ocrx_word' id='word_1_147' title='bbox 2000 3289 2129 3366; x_wconf 19' lang='lat' dir='ltr'>per*</span> <span class='ocrx_word' id='word_1_148' title='bbox 2180 3289 2253 3335; x_wconf 84' lang='lat' dir='ltr'>se</span> <span class='ocrx_word' id='word_1_149' title='bbox 2315 3271 2741 3352; x_wconf 87' lang='lat' dir='ltr'>intellegitur</span> 
     </span>
     <span class='ocr_line' id='line_1_23' title="bbox 389 3395 2739 3476; baseline 0 -18"><span class='ocrx_word' id='word_1_150' title='bbox 389 3411 524 3458; x_wconf 85' lang='lat' dir='ltr'>non</span> <span class='ocrx_word' id='word_1_151' title='bbox 589 3395 800 3459; x_wconf 85' lang='lat' dir='ltr'>nimis</span> <span class='ocrx_word' id='word_1_152' title='bbox 859 3395 1037 3460; x_wconf 85' lang='lat' dir='ltr'>serio</span> <span class='ocrx_word' id='word_1_153' title='bbox 1099 3396 1566 3476; x_wconf 86' lang='lat' dir='ltr'>accipiendam</span> <span class='ocrx_word' id='word_1_154' title='bbox 1627 3413 1777 3459; x_wconf 85' lang='lat' dir='ltr'>esse</span> <span class='ocrx_word' id='word_1_155' title='bbox 1840 3395 2155 3459; x_wconf 85' lang='lat' dir='ltr'>ianitoris</span> <span class='ocrx_word' id='word_1_156' title='bbox 2216 3395 2739 3474; x_wconf 84' lang='lat' dir='ltr'>praecedentem</span> 
     </span>
     <span class='ocr_line' id='line_1_24' title="bbox 389 3519 2740 3598; baseline 0 -16"><span class='ocrx_word' id='word_1_157' title='bbox 389 3519 772 3584; x_wconf 86' lang='lat' dir='ltr'>fictionem:</span> <span class='ocrx_word' id='word_1_158' title='bbox 835 3519 1220 3587; x_wconf 84' lang='lat' dir='ltr'>Socraticos</span> <span class='ocrx_word' id='word_1_159' title='bbox 1269 3537 1404 3584; x_wconf 88' lang='lat' dir='ltr'>non</span> <span class='ocrx_word' id='word_1_160' title='bbox 1455 3520 1774 3584; x_wconf 79' lang='lat' dir='ltr'>habuisse</span> <span class='ocrx_word' id='word_1_161' title='bbox 1822 3519 1998 3598; x_wconf 89' lang='lat' dir='ltr'>quod</span> <span class='ocrx_word' id='word_1_162' title='bbox 2040 3519 2493 3583; x_wconf 87' lang='lat' dir='ltr'>comederent.</span> <span class='ocrx_word' id='word_1_163' title='bbox 2544 3519 2740 3583; x_wconf 90' lang='lat' dir='ltr'>Hanc</span> 
     </span>
     <span class='ocr_line' id='line_1_25' title="bbox 387 3643 2740 3723; baseline -0 -15"><span class='ocrx_word' id='word_1_164' title='bbox 387 3647 622 3708; x_wconf 87' lang='lat' dir='ltr'>autem</span> <span class='ocrx_word' id='word_1_165' title='bbox 661 3643 1006 3708; x_wconf 87' lang='lat' dir='ltr'>fictionem</span> <span class='ocrx_word' id='word_1_166' title='bbox 1035 3662 1190 3708; x_wconf 87' lang='lat' dir='ltr'>cum</span> <span class='ocrx_word' id='word_1_167' title='bbox 1219 3645 1520 3708; x_wconf 88' lang='lat' dir='ltr'>rusticus</span> <span class='ocrx_word' id='word_1_168' title='bbox 1543 3649 1898 3723; x_wconf 84' lang='lat' dir='ltr'>tamquam</span> <span class='ocrx_word' id='word_1_169' title='bbox 1928 3659 2161 3706; x_wconf 87' lang='lat' dir='ltr'>veram</span> <span class='ocrx_word' id='word_1_170' title='bbox 2187 3643 2545 3723; x_wconf 78' lang='lat' dir='ltr'>acceperit,</span> <span class='ocrx_word' id='word_1_171' title='bbox 2570 3659 2740 3722; x_wconf 87' lang='lat' dir='ltr'>opus</span> 
     </span>
     <span class='ocr_line' id='line_1_26' title="bbox 388 3767 2736 3850; baseline -0.001 -18"><span class='ocrx_word' id='word_1_172' title='bbox 388 3785 540 3832; x_wconf 84' lang='lat' dir='ltr'>esse</span> <span class='ocrx_word' id='word_1_173' title='bbox 603 3769 863 3832; x_wconf 80' lang='lat' dir='ltr'>dixeris</span> <span class='ocrx_word' id='word_1_174' title='bbox 926 3769 1118 3847; x_wconf 86' lang='lat' dir='ltr'>sequi</span> <span class='ocrx_word' id='word_1_175' title='bbox 1166 3769 1456 3832; x_wconf 85' lang='lat' dir='ltr'>alteram</span> <span class='ocrx_word' id='word_1_176' title='bbox 1509 3769 1875 3850; x_wconf 78' lang='lat' dir='ltr'>fictionem,</span> <span class='ocrx_word' id='word_1_177' title='bbox 1926 3783 2062 3831; x_wconf 90' lang='lat' dir='ltr'>non</span> <span class='ocrx_word' id='word_1_178' title='bbox 2112 3772 2190 3831; x_wconf 91' lang='lat' dir='ltr'>ut</span> <span class='ocrx_word' id='word_1_179' title='bbox 2234 3767 2495 3831; x_wconf 88' lang='lat' dir='ltr'>rustico</span> <span class='ocrx_word' id='word_1_180' title='bbox 2540 3783 2736 3848; x_wconf 81' lang='lat' dir='ltr'>appa·</span> 
     </span>
     <span class='ocr_line' id='line_1_27' title="bbox 387 3889 2731 3973; baseline -0.001 -17"><span class='ocrx_word' id='word_1_181' title='bbox 387 3897 540 3956; x_wconf 84' lang='lat' dir='ltr'>reat</span> <span class='ocrx_word' id='word_1_182' title='bbox 571 3909 794 3972; x_wconf 89' lang='lat' dir='ltr'>-quam</span> <span class='ocrx_word' id='word_1_183' title='bbox 850 3892 1091 3958; x_wconf 90' lang='lat' dir='ltr'>callide</span> <span class='ocrx_word' id='word_1_184' title='bbox 1133 3893 1452 3957; x_wconf 84' lang='lat' dir='ltr'>Socrates</span> <span class='ocrx_word' id='word_1_185' title='bbox 1499 3892 1871 3973; x_wconf 82' lang='lat' dir='ltr'>discipulos</span> <span class='ocrx_word' id='word_1_186' title='bbox 1917 3908 2078 3954; x_wconf 84' lang='lat' dir='ltr'>suos</span> <span class='ocrx_word' id='word_1_187' title='bbox 2118 3891 2544 3955; x_wconf 84' lang='lat' dir='ltr'>fraudaverit</span> <span class='ocrx_word' id='word_1_188' title='bbox 2565 3889 2619 3966; x_wconf 84' lang='lat'>2)</span> <span class='ocrx_word' id='word_1_189' title='bbox 2656 3927 2731 3936; x_wconf 84' lang='lat'>-—</span> 
     </span>
    </p>
   </div>
   <div class='ocr_carea' id='block_1_3' title="bbox 386 4179 2735 4930">
    <p class='ocr_par' dir='ltr' id='par_1_7' title="bbox 387 4179 2735 4358">
     <span class='ocr_line' id='line_1_28' title="bbox 467 4179 2735 4258; baseline -0.001 -19"><span class='ocrx_word' id='word_1_190' title='bbox 467 4183 516 4256; x_wconf 91' lang='grc'>1)</span> <span class='ocrx_word' id='word_1_191' title='bbox 571 4181 648 4239; x_wconf 88' lang='lat' dir='ltr'>cf.</span> <span class='ocrx_word' id='word_1_192' title='bbox 710 4183 1062 4240; x_wconf 88' lang='lat' dir='ltr'>Leeuwenii</span> <span class='ocrx_word' id='word_1_193' title='bbox 1104 4182 1182 4240; x_wconf 89' lang='lat' dir='ltr'>ad</span> <span class='ocrx_word' id='word_1_194' title='bbox 1225 4201 1310 4241; x_wconf 77' lang='lat' dir='ltr'>vs,</span> <span class='ocrx_word' id='word_1_195' title='bbox 1357 4183 1693 4240; x_wconf 80' lang='lat' dir='ltr'>annotatio:</span> <span class='ocrx_word' id='word_1_196' title='bbox 1744 4181 2050 4258; x_wconf 83' lang='lat' dir='ltr'>„suspicor</span> <span class='ocrx_word' id='word_1_197' title='bbox 2093 4185 2293 4238; x_wconf 85' lang='lat' dir='ltr'>autem</span> <span class='ocrx_word' id='word_1_198' title='bbox 2334 4197 2575 4237; x_wconf 87' lang='lat' dir='ltr'>versum</span> <span class='ocrx_word' id='word_1_199' title='bbox 2624 4179 2735 4236; x_wconf 88' lang='lat'>179</span> 
     </span>
     <span class='ocr_line' id='line_1_29' title="bbox 387 4275 2472 4358; baseline -0.002 -21"><span class='ocrx_word' id='word_1_200' title='bbox 387 4299 464 4337; x_wconf 81' lang='lat' dir='ltr'>ex</span> <span class='ocrx_word' id='word_1_201' title='bbox 507 4279 626 4338; x_wconf 85' lang='lat' dir='ltr'>alia</span> <span class='ocrx_word' id='word_1_202' title='bbox 667 4278 876 4338; x_wconf 84' lang='lat' dir='ltr'>fabula</span> <span class='ocrx_word' id='word_1_203' title='bbox 915 4280 1286 4358; x_wconf 82' lang='lat' dir='ltr'>adscriptum</span> <span class='ocrx_word' id='word_1_204' title='bbox 1331 4301 1364 4338; x_wconf 89' lang='lat' dir='ltr'>e</span> <span class='ocrx_word' id='word_1_205' title='bbox 1405 4280 1678 4356; x_wconf 80' lang='lat' dir='ltr'>margine</span> <span class='ocrx_word' id='word_1_206' title='bbox 1723 4279 1783 4336; x_wconf 90' lang='lat' dir='ltr'>in</span> <span class='ocrx_word' id='word_1_207' title='bbox 1826 4283 2061 4336; x_wconf 83' lang='lat' dir='ltr'>textum</span> <span class='ocrx_word' id='word_1_208' title='bbox 2105 4275 2472 4353; x_wconf 83' lang='lat' dir='ltr'>irrepsisse.’&#39;</span> 
     </span>
    </p>

    <p class='ocr_par' dir='ltr' id='par_1_8' title="bbox 386 4373 2733 4825">
     <span class='ocr_line' id='line_1_30' title="bbox 467 4373 2733 4456; baseline -0.002 -22"><span class='ocrx_word' id='word_1_209' title='bbox 467 4377 518 4456; x_wconf 85' lang='lat'>2)</span> <span class='ocrx_word' id='word_1_210' title='bbox 563 4377 664 4434; x_wconf 93' lang='lat' dir='ltr'>Sic</span> <span class='ocrx_word' id='word_1_211' title='bbox 703 4378 863 4435; x_wconf 89' lang='lat' dir='ltr'>enim</span> <span class='ocrx_word' id='word_1_212' title='bbox 903 4377 1320 4454; x_wconf 72' lang='lat' dir='ltr'>Leeuwenius‚</span> <span class='ocrx_word' id='word_1_213' title='bbox 1366 4378 1470 4452; x_wconf 87' lang='lat' dir='ltr'>qui</span> <span class='ocrx_word' id='word_1_214' title='bbox 1513 4384 1718 4436; x_wconf 88' lang='lat' dir='ltr'>censet</span> <span class='ocrx_word' id='word_1_215' title='bbox 1760 4375 2047 4434; x_wconf 86' lang='lat' dir='ltr'>nonnulla</span> <span class='ocrx_word' id='word_1_216' title='bbox 2087 4374 2481 4448; x_wconf 86' lang='lat' dir='ltr'>intercidisse,</span> <span class='ocrx_word' id='word_1_217' title='bbox 2537 4373 2733 4432; x_wconf 89' lang='lat' dir='ltr'>locum</span> 
     </span>
     <span class='ocr_line' id='line_1_31' title="bbox 389 4471 2733 4552; baseline -0.001 -20"><span class='ocrx_word' id='word_1_218' title='bbox 389 4475 854 4551; x_wconf 82' lang='lat' dir='ltr'>interpretatur:</span> <span class='ocrx_word' id='word_1_219' title='bbox 903 4476 1270 4552; x_wconf 83' lang='lat' dir='ltr'>„discipulos</span> <span class='ocrx_word' id='word_1_220' title='bbox 1312 4475 1602 4550; x_wconf 86' lang='lat' dir='ltr'>magistro</span> <span class='ocrx_word' id='word_1_221' title='bbox 1646 4493 1742 4532; x_wconf 84' lang='lat' dir='ltr'>res</span> <span class='ocrx_word' id='word_1_222' title='bbox 1788 4473 2101 4532; x_wconf 88' lang='lat' dir='ltr'>intellectu</span> <span class='ocrx_word' id='word_1_223' title='bbox 2140 4471 2530 4529; x_wconf 78' lang='lat' dir='ltr'>difficillimas</span> <span class='ocrx_word' id='word_1_224' title='bbox 2558 4477 2733 4529; x_wconf 83' lang='lat' dir='ltr'>acute</span> 
     </span>
     <span class='ocr_line' id='line_1_32' title="bbox 387 4567 2731 4646; baseline -0.002 -16"><span class='ocrx_word' id='word_1_225' title='bbox 387 4573 828 4630; x_wconf 86' lang='lat' dir='ltr'>demonstranti</span> <span class='ocrx_word' id='word_1_226' title='bbox 878 4572 1212 4632; x_wconf 84' lang='lat' dir='ltr'>attendisse</span> <span class='ocrx_word' id='word_1_227' title='bbox 1269 4573 1551 4646; x_wconf 84' lang='lat' dir='ltr'>animum,</span> <span class='ocrx_word' id='word_1_228' title='bbox 1610 4577 1672 4628; x_wconf 86' lang='lat' dir='ltr'>et</span> <span class='ocrx_word' id='word_1_229' title='bbox 1713 4572 1942 4646; x_wconf 83' lang='lat' dir='ltr'>aliquot</span> <span class='ocrx_word' id='word_1_230' title='bbox 1983 4569 2227 4627; x_wconf 86' lang='lat' dir='ltr'>demum</span> <span class='ocrx_word' id='word_1_231' title='bbox 2268 4567 2428 4626; x_wconf 87' lang='lat' dir='ltr'>horis</span> <span class='ocrx_word' id='word_1_232' title='bbox 2468 4574 2731 4644; x_wconf 85' lang='lat' dir='ltr'>praeter-</span> 
     </span>
     <span class='ocr_line' id='line_1_33' title="bbox 391 4662 2731 4746; baseline -0.002 -19"><span class='ocrx_word' id='word_1_233' title='bbox 391 4670 589 4746; x_wconf 77' lang='lat' dir='ltr'>lapsis,</span> <span class='ocrx_word' id='word_1_234' title='bbox 635 4689 772 4728; x_wconf 90' lang='lat' dir='ltr'>cum</span> <span class='ocrx_word' id='word_1_235' title='bbox 815 4675 867 4727; x_wconf 77' lang='lat' dir='ltr'>e!</span> <span class='ocrx_word' id='word_1_236' title='bbox 909 4675 1130 4744; x_wconf 73' lang='lat' dir='ltr'>tempu-s·</span> <span class='ocrx_word' id='word_1_237' title='bbox 1172 4675 1223 4728; x_wconf 74' lang='lat' dir='ltr'>et</span> <span class='ocrx_word' id='word_1_238' title='bbox 1269 4670 1390 4744; x_wconf 73' lang='lat' dir='ltr'>ipse</span> <span class='ocrx_word' id='word_1_239' title='bbox 1430 4688 1593 4726; x_wconf 79' lang='lat' dir='ltr'>amor</span> <span class='ocrx_word' id='word_1_240' title='bbox 1635 4662 1831 4726; x_wconf 56' lang='lat' dir='ltr'>edendi</span> <span class='ocrx_word' id='word_1_241' title='bbox 1869 4667 2081 4724; x_wconf 77' lang='lat' dir='ltr'>dudum</span> <span class='ocrx_word' id='word_1_242' title='bbox 2110 4665 2525 4741; x_wconf 66' lang='lat' dir='ltr'>praeteriisset,</span> <span class='ocrx_word' id='word_1_243' title='bbox 2548 4685 2731 4724; x_wconf 74' lang='lat' dir='ltr'>recor-</span> 
     </span>
     <span class='ocr_line' id='line_1_34' title="bbox 386 4766 1582 4825; baseline -0.001 -2"><span class='ocrx_word' id='word_1_244' title='bbox 386 4767 552 4825; x_wconf 76' lang='lat' dir='ltr'>datos</span> <span class='ocrx_word' id='word_1_245' title='bbox 593 4785 716 4825; x_wconf 78' lang='lat' dir='ltr'>esse</span> <span class='ocrx_word' id='word_1_246' title='bbox 755 4787 816 4825; x_wconf 73' lang='lat' dir='ltr'>se</span> <span class='ocrx_word' id='word_1_247' title='bbox 856 4767 1018 4825; x_wconf 76' lang='lat' dir='ltr'>hodie</span> <span class='ocrx_word' id='word_1_248' title='bbox 1060 4785 1166 4824; x_wconf 80' lang='lat' dir='ltr'>non</span> <span class='ocrx_word' id='word_1_249' title='bbox 1207 4766 1582 4824; x_wconf 60' lang='lat' dir='ltr'>‹·oenavi.s·se.⁴&#39;&#39;</span> 
     </span>
    </p>

    <p class='ocr_par' dir='ltr' id='par_1_9' title="bbox 2625 4877 2656 4930">
     <span class='ocr_line' id='line_1_35' title="bbox 2625 4877 2656 4930; baseline 0 0"><span class='ocrx_word' id='word_1_250' title='bbox 2625 4877 2656 4930; x_wconf 88' lang='grc'><strong>7</strong></span> 
     </span>
    </p>
   </div>
  </div>
 </body>
</html>
