3478 5737
1469 576 1590 639 137

371 769 578 834 παιδία
603 768 650 848 1)
717 769 1057 835 delectare
1105 771 1282 834 Velle
1329 770 1629 835 videaris
1674 776 1803 847 (VS.
1854 770 2025 847 539),
2072 768 2431 853 φαλακροὺς
2478 774 2658 835 σκώπ

371 920 482 959 rm
563 911 646 958 ne
717 893 1121 974 neglexeris,
1163 892 1216 967 2)
1277 894 1336 957 si
1395 893 1797 958 saltationes
1842 894 2139 959 comicas
2184 898 2256 959 et
2302 896 2699 961 lasciviores

369 1018 716 1101 (κόρδακας)
783 1020 1247 1097 spectatorum
1319 1017 1561 1081 offeres
1628 1017 1845 1081 oculis
1910 1018 2385 1098 sensibusque,
2450 1036 2699 1083 caveae

369 1144 650 1224 gratiam
711 1145 896 1206 certo
966 1140 1224 1205 certius
1292 1141 1418 1205 tibi
1489 1140 1886 1206 conciliabis
1948 1146 2073 1221 (vs.
2123 1144 2300 1217 540).
2372 1143 2445 1207 Si
2494 1162 2697 1223 quem

369 1270 432 1333 in
489 1268 752 1351 pulpito
816 1266 1216 1330 verberibus
1275 1266 1464 1331 caedi
1513 1266 1620 1330 vel
1668 1266 1851 1331 fuste
1900 1267 2111 1331 facies
2155 1268 2389 1347 dolari,
2436 1269 2701 1333 cachin-

370 1409 482 1457 nos
551 1392 972 1473 plaususque
1053 1388 1362 1454 movebis
1431 1390 1795 1471 maximos,
1882 1392 2112 1455 sintne
2195 1392 2461 1456 insulsa
2526 1409 2701 1471 quae

367 1516 534 1579 inter
620 1512 1122 1579 verberandum
1200 1512 1524 1577 dicuntur
1593 1514 1819 1593 verba,
1882 1511 1933 1591 3)
1999 1512 2064 1579 id
2136 1514 2311 1578 nihil
2378 1515 2463 1577 ad
2532 1532 2699 1593 rem,

365 1639 719 1703 dummodo
815 1638 1098 1702 verbera
1177 1636 1508 1701 acerrime
1591 1640 1901 1717 tangant.
2020 1638 2315 1719 Pompae
2409 1656 2699 1720 quoque,

365 1764 618 1829 facibus
663 1765 736 1827 et
781 1776 892 1826 τοῦ
937 1766 1036 1825 ἰοὺ
1085 1762 1184 1825 ἰού
1229 1760 1642 1825 clamoribus
1687 1766 1813 1837 (VS.
1864 1762 2017 1838 543)
2064 1762 2472 1846 illustratae,
2515 1763 2694 1827 haud

361 1886 819 1969 aspernandae
895 1889 1082 1967 sunt,
1160 1884 1220 1951 si
1295 1888 1716 1966 spectatores
1791 1886 1987 1965 cupis
2060 1885 2418 1951 delectare.
2513 1886 2701 1952 Haec

361 2014 582 2075 autem
655 2010 889 2075 omnia
956 2008 1132 2074 nihil
1201 2008 1481 2073 omnino
1559 2024 1922 2073 commune
1998 2009 2257 2074 habent
2335 2025 2494 2075 curn
2556 2014 2703 2075 arte

362 2134 610 2199 comica
669 2134 838 2215 ipsa.
901 2132 1081 2198 Sunt
1140 2134 1428 2197 inventa
1493 2132 1831 2197 vilissimo
1892 2150 2056 2197 sane
2118 2133 2361 2214 pretio,
2425 2150 2600 2212 quae
2662 2151 2704 2198 a

364 2259 661 2337 quolibet
720 2258 978 2322 comico
1025 2258 1293 2339 possint
1337 2256 1666 2321 adbiberi.
1746 2257 1893 2337 Qua
1937 2274 2011 2321 re
2058 2258 2261 2322 hacce
2306 2259 2380 2322 in
2431 2258 2701 2323 Comoe-

363 2382 467 2445 dia
508 2382 592 2446 ad
644 2400 726 2447 ea
771 2382 1133 2463 confugere
1179 2380 1369 2445 nolui
1417 2386 1544 2458 (vs,
1595 2381 1783 2457 544):

535 2506 677 2570 ἀλλ’
727 2503 938 2589 αὐτῇ
983 2511 1086 2569 καὶ
1136 2520 1306 2579 τοῖς
1353 2505 1627 2569 ’ἔπεσιν
1677 2506 2144 2571 πιστεύουσ’
2192 2506 2523 2589 ἐλήλυθεν,

363 2630 404 2694 i.
465 2648 520 2695 e.
613 2632 684 2697 in
772 2633 896 2697 hac
975 2648 1128 2697 mea
1209 2631 1442 2697 fabula
1523 2632 1718 2697 vobis
1808 2633 1941 2697 erit
2030 2634 2528 2698 attendendum
2612 2632 2695 2697 ad

363 2760 824 2836 arqumentum
893 2761 966 2821 et
1031 2758 1121 2821 ad
1185 2757 1389 2821 iocose
1457 2758 1650 2821 (licta.
1750 2756 1961 2821 Vobis
2029 2758 2273 2822 offerre
2339 2758 2527 2822 nolui
2594 2776 2703 2821 res

360 2880 798 2964 facetiaeque,
883 2882 1064 2946 inter
1143 2899 1292 2946 sese
1378 2899 1618 2964 parurn
1705 2885 1831 2947 aut
1913 2883 2081 2958 nihil
2150 2883 2511 2965 distantes,
2586 2883 2698 2946 sed

431 3109 484 3187 l)
527 3109 598 3168 In
639 3111 990 3170 universum
1031 3112 1198 3187 loqui
1239 3116 1478 3189 poetam
1519 3112 1786 3189 puerilos
1828 3113 1989 3171 iocos
2016 3117 2393 3189 spectantem
2420 3117 2703 3190 apparet:

359 3228 474 3266 non
537 3208 728 3285 igitur
788 3228 862 3267 ex
917 3208 1030 3268 hoc
1084 3209 1213 3268 loco
1269 3208 1508 3268 efficere
1558 3209 1702 3268 licet
1755 3227 1973 3286 pueros
2026 3210 2121 3268 vel
2166 3209 2429 3268 infantes
2470 3209 2706 3268 theatra

356 3303 787 3380 frequentasse.
850 3305 1222 3364 Fritzschius
1264 3307 1709 3365 adedascentulos
1752 3307 2087 3383 intellegit3
2132 3306 2457 3365 Richterus
2502 3313 2701 3366 autem

359 3421 569 3462 servo-3.

433 3501 488 3578 2)
539 3501 764 3560 Mirum
816 3502 880 3559 in
937 3500 1180 3560 modum
1235 3501 1316 3560 ad
1365 3521 1454 3560 vs.
1511 3501 1630 3560 540
1671 3507 1923 3560 annotat
1962 3501 2345 3560 scholiastes:
2392 3507 2564 3558 τοῦτο
2608 3504 2704 3558 δια

361 3601 460 3656 τὸν
519 3599 797 3664 Εὔπολιν,
855 3598 936 3658 ad
991 3619 1076 3658 vs.
1137 3599 1254 3656 545
1297 3605 1498 3657 autem
1541 3599 1644 3674 (ad
1684 3619 1863 3658 voces
1906 3601 1967 3656 οὐ
2011 3599 2217 3677 κομῶ);
2264 3605 2596 3677 χαριέντως
2638 3602 2702 3656 δὲ

363 3700 550 3768 λέγει,
593 3699 717 3753 ἐπεὶ
760 3699 1076 3775 φαλακρὸς
1121 3695 1208 3770 ἦν.
1277 3695 1402 3754 Cur
1443 3697 1566 3754 illic
1608 3697 1991 3773 Eupolidem,
2034 3697 2132 3755 hic
2174 3701 2377 3755 autem
2412 3716 2477 3754 se
2507 3697 2704 3774 ipsum

363 3792 630 3868 irriserit,
675 3813 796 3852 non
837 3792 1032 3853 videO.

433 3892 484 3963 3)
535 3889 767 3949 Naberi
808 3891 1154 3950 coniectura
1196 3891 1682 3967 ingeniosissima
1725 3894 2011 3968 παρόντα,
2066 3891 2321 3967 <par-1(
2336 3912 2426 3948 ων
2485 3908 2705 3968 πονηρα

361 3992 700 4066 σκώμματα
753 3989 948 4066 primo
1005 3987 1223 4047 obtutu
1277 3987 1602 4046 admodum
1654 3987 1901 4047 arridet.
1978 3989 2271 4048 Attamen
2313 3995 2383 4046 ut
2426 4009 2459 4048 e
2502 3993 2707 4046 nostra

357 4083 470 4144 loci
522 4085 1021 4162 interpretatione
1083 4091 1334 4162 apparet
1373 4104 1555 4161 aegre
1598 4084 2011 4143 desideramus
2054 4086 2508 4163 oppositionem,
2552 4104 2704 4160 quae

360 4181 648 4241 interesse
701 4187 874 4259 patet
929 4183 1088 4242 inter
1144 4185 1212 4239 τὸ
1263 4184 1508 4239 τύπτειν
1562 4187 1626 4240 et
1669 4189 1747 4239 τα
1792 4187 2167 4260 σκώμματατ
2212 4183 2359 4241 dum
2400 4182 2705 4242 verberari

358 4278 566 4338 vident
618 4285 1010 4356 spectatores,
1052 4300 1173 4339 non
1215 4278 1532 4338 attendere
1575 4280 1774 4338 solent
1816 4280 1896 4338 ad
1938 4285 2301 4357 σκώμματα.
2368 4279 2468 4338 Sic
2510 4279 2704 4338 malus

357 4383 530 4452 poeta
611 4395 724 4436 sua
813 4381 1034 4455 πονηραὶ
1127 4381 1469 4452 σκώμματα
1561 4376 1881 4454 ἀφανίζειν
1964 4379 2123 4436 solet
2196 4378 2391 4436 omnis
2467 4377 2707 4454 generis

360 4473 600 4533 inventa
640 4474 918 4533 scaenica
959 4473 1320 4533 adhibendo.
1367 4472 1461 4532 Cf.
1505 4473 1578 4532 Gr.
1623 4474 2008 4534 Hermannus
2050 4474 2152 4546 (ad
2192 4494 2281 4533 vs.
2325 4475 2481 4550 538),
2506 4474 2610 4548 qui
2645 4474 2707 4530 in

360 4571 608 4630 eandem
671 4573 1036 4630 sententiam
1101 4571 1296 4630 locum
1361 4576 1455 4630 est
1517 4573 1969 4649 interpretatus.
2035 4572 2197 4632 Vide
2257 4571 2441 4630 schol.
2498 4571 2576 4630 ad
2618 4591 2706 4629 VS.

361 4669 504 4727 542:
571 4675 652 4726 ταὶ
716 4670 931 4746 φαῦλα
1012 4673 1376 4746 σκώμματα,
1456 4669 1484 4724 ὅ
1554 4673 1686 4726 ἐστι
1767 4677 1874 4734 τας
1951 4671 2206 4734 εὐτελῶς
2284 4675 2711 4746 πεπλασμένας

368 4769 668 4844 κωμῳδίας
713 4765 965 4842 ἀφανεῖς
1007 4765 1200 4832 ποιῶν,
1246 4771 1360 4826 cet.
2072 4757 2084 4766 ”
