3478 5737
1549 610 1671 674 153

440 802 749 883 magistri
808 803 1241 869 adumbratis
1301 805 1577 869 tantum
1643 804 2086 869 lineamentis
2132 806 2387 886 pictam
2439 806 2780 884 spectato·

438 925 627 991 ribus
686 928 959 992 obtulit.
1044 928 1459 1007 Designatur
1514 926 1699 991 enim
1761 928 1832 991 in
1894 928 2294 993 universum
2347 931 2623 993 tantum
2674 928 2784 991 hic

438 1048 577 1112 illic
636 1050 1196 1132 philosophorum
1258 1051 1537 1133 species,
1603 1052 2132 1131 cogitationibus
2193 1051 2781 1117 meditationibus-

442 1190 569 1252 que
614 1174 1019 1257 deditorum,
1068 1192 1313 1257 nempe
1362 1193 1498 1239 ν66.
1549 1176 1698 1257 740,
1750 1177 1898 1258 742,
1949 1176 2098 1259 743,
2147 1177 2313 1257 7613
2365 1195 2500 1242 non
2543 1182 2780 1243 autem

438 1298 609 1363 talia
670 1299 869 1364 unice
928 1300 1183 1365 cadunt
1233 1300 1307 1365 in
1356 1301 1730 1365 Socratem.
1805 1300 2028 1365 Facile
2074 1300 2507 1381 intellegitur
2554 1300 2780 1381 Strep-

444 1422 651 1488 siadis
694 1428 929 1505 partes
972 1441 1013 1489 a
1060 1424 1534 1506 Protaqonicta
1578 1442 1727 1489 esse
1775 1428 1984 1489 actas.

535 1678 571 1747 g
635 1674 695 1735 3.
791 1672 954 1737 Post
1023 1650 1430 1756 προπαιδείαξ
1501 1674 1845 1756 specimen
1917 1678 2040 1751 (vs.
2109 1676 2486 1749 636—692)
2558 1674 2786 1753 Strep-

448 1794 789 1875 SiadiSque
860 1798 1102 1862 Verba:
1174 1802 1332 1883 ἀτὰρ
1395 1802 1455 1864 τί
1519 1800 1730 1876 ταῦθ’,
1791 1802 1832 1861 ἃ
1894 1802 2122 1873 πάντες
2181 1800 2376 1880 ἴσμεν,
2435 1800 2792 1879 μανθάνως

450 1917 701 1981 festiva
786 1921 1098 1999 sequitur
1164 1940 1433 2005 scaena,
1506 1923 1577 1987 in
1647 1940 1782 2003 qua
1851 1922 2157 1988 Socratis
2224 1923 2417 1987 iussu
2489 1922 2792 1987 rusticus

455 2042 785 2124 φροντίζει.

542 2166 691 2231 Non
750 2170 983 2231 autem
1048 2168 1289 2234 statim
1348 2170 1513 2235 haec
1560 2186 1809 2234 scaena
1856 2169 2285 2250 praecedenti
2333 2169 2794 2249 coniungitur.

464 2288 555 2354 Ut
598 2290 1125 2371 cogitationibus
1171 2293 1381 2359 libere
1428 2310 1501 2358 se
1547 2294 1708 2357 dare
1756 2293 1996 2373 possit,
2045 2309 2217 2374 opus
2262 2295 2373 2358 est
2421 2296 2500 2358 ut
2531 2294 2795 2357 decum-

461 2413 578 2477 bat
635 2414 937 2481 rusticus
997 2416 1069 2481 in
1122 2420 1422 2499 grabatO,
1473 2434 1677 2497 quem
1726 2434 1826 2482 vs.
1877 2418 2006 2481 633
2055 2417 2368 2497 magistri
2419 2418 2612 2483 iussu
2659 2416 2796 2480 iam

460 2538 713 2604 extulit
788 2541 896 2617 (cf.
975 2560 1075 2605 vs.
1143 2542 1315 2617 254).
1403 2543 1731 2607 Precatur
1789 2544 2025 2607 autem
2088 2542 2402 2625 agricola,
2469 2546 2546 2607 ut
2607 2541 2798 2607 humi

462 2664 859 2730 decumbere
906 2666 1035 2730 sibi
1084 2665 1309 2749 liceat,
1360 2686 1541 2733 nam.
1574 2717 1629 2732 ..
1678 2668 1879 2732 modo
1919 2668 2048 2733 sibi
2087 2668 2443 2748 grabatum
2487 2666 2797 2731 efferenti

463 2789 737 2855 cimices
827 2791 963 2854 iam
1056 2791 1438 2857 maximum
1532 2792 1822 2857 iniecere
1907 2796 2259 2858 terrorem.
2365 2790 2498 2854 Hic
2580 2790 2800 2854 ridere

462 2933 741 2980 caveam
800 2915 1227 2996 impavidum
1288 2917 1724 3000 discipulum,
1790 2919 1969 2983 satis
2029 2919 2264 2999 liquet.
2337 2915 2522 2980 Num
2570 2915 2803 2980 credat

466 3039 764 3104 Socratis
821 3043 1139 3122 ἀσκάντην
1208 3043 1571 3124 (σκίμποδα,
1634 3060 1736 3107 vs.
1790 3043 1938 3138 254,
1990 3043 2144 3116 709)
2191 3057 2434 3105 16ν616
2481 3039 2802 3104 cimicum

466 3180 615 3228 esse
685 3164 959 3247 plenam
1026 3169 1151 3232 aut
1220 3169 1445 3250 ipsum
1502 3171 1774 3250 poetam
1844 3167 2349 3232 Socraticorum
2419 3164 2801 3244 squalorem

469 3288 759 3354 ludibrio
822 3291 1093 3372 habere,
1157 3293 1460 3372 urgenda
1524 3309 1657 3356 non
1715 3295 1825 3355 est
1870 3291 2199 3371 quaestio.
2271 3290 2365 3354 De
2411 3291 2616 3370 poeta
2662 3295 2810 3371 ipso

472 3411 702 3478 nullus
747 3417 1091 3494 spectator
1134 3416 1407 3497 cogitat,
1457 3418 1529 3481 et
1575 3415 1737 3496 quid
1786 3416 1998 3480 refert
2044 3413 2442 3479 stultissimi
2491 3411 2808 3492 squalidi·

469 3553 597 3616 que
644 3537 829 3602 bruti
876 3537 1103 3619 opinio
1149 3539 1231 3603 de
1276 3539 1567 3605 aliorum
1616 3538 2106 3604 immunditia?
2154 3537 2282 3618 Qui
2331 3535 2808 3619 psychologica

469 3665 659 3726 amat
704 3662 950 3744 studia,
1002 3663 1111 3727 hic
1158 3663 1364 3728 habet
1394 3664 1810 3744 exemplum,
1843 3681 1880 3726 6
1919 3663 2066 3726 vita
2104 3662 2450 3727 cotidiana
2486 3661 2805 3743 petitum,

472 3803 603 3865 quo
666 3785 919 3850 efficiat
984 3787 1337 3852 hominum
1401 3788 1481 3850 116
1542 3786 1786 3851 alienis
1833 3786 2224 3850 hominibus
2270 3786 2594 3851 iudicium
2647 3801 2807 3866 pen-

473 3909 627 3973 dere
711 3911 799 3974 ab
881 3911 1186 3991 ipsorum
1270 3909 1514 3991 indole,
1592 3910 1805 3974 animi
1879 3909 2202 3989 vitaeque
2278 3909 2806 3986 condicionibus„

474 4033 688 4116 vitiis,
737 4034 1150 4099 virtutibus:
1200 4051 1453 4098 avarus
1499 4035 1684 4099 enim
1730 4033 2030 4098 alterum
2077 4049 2388 4125 avarum,
2427 4031 2538 4095 fur
2560 4031 2806 4109 furem,

477 4158 726 4236 probus
786 4159 1094 4239 probum,
1153 4158 1466 4222 sordidus
1527 4157 1872 4222 sordidum
1938 4158 2234 4221 alterum
2289 4171 2439 4220 esse
2486 4155 2685 4219 facile
2735 4156 2813 4217 ut

478 4280 863 4360 suspicetur
907 4281 1291 4346 adducitur.

565 4405 760 4470 Licet
820 4405 900 4469 de
962 4405 1319 4471 cimicibus
1378 4405 1669 4469 facetiae
1730 4423 1819 4468 ox
1883 4404 2252 4468 humillimi
2300 4402 2568 4484 generis
2616 4404 2820 4467 rebus

480 4528 616 4593 sint
682 4529 959 4610 petitae,
1019 4533 1275 4612 tamen,
1324 4531 1649 4610 quoniam
1700 4547 1945 4610 magna
1992 4545 2146 4592 cum
2196 4532 2344 4592 arte
2393 4530 2559 4591 sunt
2605 4526 2818 4590 elabo-

484 4656 693 4746 ratae,
759 4655 1301 4719 Atheniensibus
1360 4655 1549 4719 omni
1594 4654 1893 4719 caruisse
1941 4651 2329 4730 offensione,
2379 4650 2576 4716 facile
2623 4649 2820 4714 nobis

484 4795 847 4861 possumus
892 4779 1320 4862 persuadere.
1372 4779 1713 4843 Canentes
1757 4777 1944 4841 enim
1985 4776 2250 4840 Chorus
2287 4777 2358 4839 et
2390 4773 2817 4855 Strepsiades
