3478 5737
1823 591 1909 654 80

695 785 903 848 cum?
991 783 1420 862 Responsum
1485 801 1622 847 non
1684 783 1889 848 datur
1952 801 2173 863 neque
2232 801 2274 848 a
2336 783 2616 864 KockiO,
2680 799 2901 862 neque
2952 783 3039 845 ab

695 909 842 987 ipso
889 911 1109 988 poeta.
1181 907 1324 987 Quo
1372 911 1607 971 autem
1655 906 1939 972 consilio
1978 906 2314 988 decipitur
2354 907 2833 988 Strepsiades?
2882 905 3037 969 Res-

697 1048 984 1112 ponsum
1050 1030 1180 1110 ipsi
1243 1030 1502 1094 Kockio
1559 1031 1631 1094 in
1681 1036 2003 1112 promptu
2052 1036 2193 1095 est:
2242 1034 2323 1096 ut
2366 1031 2431 1095 ei
2480 1031 2795 1095 funditus
2840 1046 3037 1094 excu-

698 1155 916 1218 tiatur
975 1152 1148 1217 falsa
1208 1153 1326 1217 illa
1387 1159 1502 1231 (sc.
1567 1155 1648 1218 de
1717 1152 2169 1235 philosophia)
2224 1155 2473 1235 opinio,
2562 1154 2779 1218 Choro
2825 1153 3037 1233 igitur

698 1281 847 1342 erat
906 1295 1066 1357 erga
1125 1277 1591 1358 Strepsiadem
1655 1278 1931 1342 firmum
1980 1279 2426 1359 propositum,
2476 1295 2637 1358 erga
2684 1277 3033 1342 Socratem

697 1408 956 1482 contra,
1024 1420 1227 1466 suum
1301 1403 1716 1482 ministrum,
1773 1406 1999 1466 temere
2046 1405 2277 1466 mutat
2322 1402 2766 1482 sent-entiam,
2816 1417 3036 1479 neque

694 1544 814 1590 cur
885 1525 1094 1590 faciat
1165 1525 1486 1590 ostendit.
1564 1526 1747 1590 Luce
1810 1525 2061 1590 clarius
2123 1530 2230 1590 est
2288 1526 2435 1606 ipso
2497 1525 2755 1589 Kockio
2823 1524 3041 1588 iudice

693 1647 1134 1732 Strcpsiaclem
1170 1651 1437 1730 primas
1481 1669 1672 1730 apere
1707 1655 1965 1730 partes,
2004 1649 2410 1729 fabulaeque
2442 1667 2591 1713 esse
2625 1649 3038 1728 principem:

692 1773 1029 1852 siquidem
1061 1773 1408 1837 consilium
1434 1775 1977 1855 propositumque
2015 1773 2085 1837 in
2124 1775 2385 1853 agendo
2428 1773 2728 1838 Nubium
2770 1789 3037 1852 quoque

697 1899 916 1962 Choro
961 1901 1170 1979 caput
1217 1897 1312 1960 rei
1361 1897 1573 1960 fuisse
1619 1897 2002 1962 assentiris,

787 2023 1026 2101 Itaque
1087 2021 1217 2084 sibi
1267 2037 1401 2084 non
1450 2025 1765 2085 constare
1812 2021 1981 2084 mihi
2030 2021 2307 2086 videtur
2354 2021 2461 2086 vir
2507 2021 2612 2102 cl„
2663 2021 2779 2100 qui
2826 2020 3039 2102 praef.

699 2145 870 2209 Nub.
931 2145 1037 2209 ed.
1099 2162 1243 2226 pag.
1311 2147 1382 2208 ll
1453 2146 1546 2226 (in
1612 2149 1799 2222 nota)
1872 2145 2273 2225 Bohringeri
2318 2145 2709 2225 opinionem
2757 2147 3041 2208 conatur

697 2271 1017 2351 refutare,
1104 2269 1451 2334 Socratem
1535 2287 1683 2333 esse
1760 2269 2455 2352 „Hauptgegonstancl
2528 2269 2649 2332 des
2718 2267 3039 2350 Spottes”

700 2393 1122 2457 contendens
1173 2391 1244 2472 1),
1333 2429 1390 2436 -—
1468 2393 1590 2456 hoc
1675 2395 1907 2458 tamen
1996 2393 2139 2457 loco
2227 2392 2442 2459 Choro
2496 2391 2547 2471 2)
2626 2393 2897 2458 firmum
2970 2391 3037 2454 in

702 2517 1174 2596 Strepsiadem,
1213 2519 1492 2580 tantum
1543 2517 1905 2581 consilium
1952 2517 2218 2581 tribuit.

787 2767 824 2845 ξ
872 2767 932 2827 4.
1027 2763 1403 2842 Postquam
1453 2764 1522 2826 in
1564 2763 1969 2826 universum
2006 2763 2090 2826 de
2130 2764 2557 2844 oppositione
2595 2763 2778 2828 inter
2812 2763 3039 2826 Socra—

698 2894 839 2953 tem
907 2894 980 2953 et
1049 2887 1512 2968 Strepsiadem
1580 2887 1902 2968 vidimus,
1963 2888 2101 2952 iam
2165 2888 2647 2967 inquirendum
2715 2893 2843 2969 est,
2906 2904 3039 2966 quo

699 3018 894 3093 pacto
957 3016 1160 3093 poeta
1220 3028 1383 3075 suos
1443 3028 1532 3074 ex
1593 3028 1675 3074 ea
1737 3012 2063 3091 petiverit
2109 3012 2393 3076 effectus
2440 3012 2753 3077 comicos.
2824 3012 3043 3075 Nemo

699 3136 919 3199 nescit
980 3135 1380 3215 saepissime
1442 3151 1552 3197 res
1599 3151 2011 3215 personasve
2059 3136 2241 3199 inter
2290 3152 2438 3200 sese
2486 3153 2689 3215 quam
2740 3136 3042 3201 maxime

695 3259 1092 3339 contrarias.‚
1159 3257 1217 3321 si
1281 3256 1488 3320 aliam
1551 3256 1751 3319 iuxta
1804 3257 2015 3321 aliam
2062 3258 2373 3338 posueris
2418 3265 2500 3336 (e.
2546 3276 2641 3339 gr.
2694 3260 3036 3325 hominem

699 3400 1003 3447 macrum
1088 3386 1159 3445 et
1243 3381 1608 3461 pinguem),
1697 3381 1877 3446 ultro
1946 3399 2224 3446 movere
2293 3384 2628 3447 comicum
2698 3384 3038 3464 effectum,

697 3506 968 3569 etiamsi
1008 3506 1270 3570 utravis
1303 3524 1411 3568 res
1443 3522 1841 3587 personave,
1883 3507 2255 3587 separatim
2294 3507 2351 3570 si
2386 3512 2654 3580 spectes
2683 3509 2770 3571 ab
2802 3508 3039 3587 altera,

697 3631 867 3695 nihil
919 3632 1167 3695 habeat
1214 3628 1503 3693 ridiculi.
1575 3630 2033 3694 Luculentum
2084 3633 2365 3712 praebet
2408 3632 2805 3712 exemplum
2843 3648 3041 3713 oppo-

696 3757 856 3820 sitio
889 3756 1070 3819 intor
1104 3755 1302 3819 Chori
1331 3754 1676 3819 canticum
1711 3755 2112 3833 (275—290)
2144 3758 2217 3819 et
2252 3754 2669 3837 Strepsiadis
2702 3757 3040 3837 habitum,

699 3898 940 3962 morea
987 3880 1202 3944 animi
1249 3879 1599 3943 affectum.
1649 3878 1851 3943 Chori
1898 3880 2085 3943 enim
2132 3884 2383 3945 cantus
2414 3898 2493 3945 ac
2528 3882 2737 3945 verba
2761 3881 3040 3947 omnino

698 4008 865 4068 sunt
927 4004 1104 4068 seria
1162 4020 1242 4067 ac
1303 4003 1670 4083 solemnia;
1733 4008 1934 4084 poeta
1994 4003 2060 4068 id
2110 4004 2270 4085 egit,
2320 4010 2401 4069 ut
2448 4005 2694 4069 cantici
2744 4005 3041 4070 elatione

695 4132 906 4207 atque
952 4128 1319 4191 altitudine
1367 4130 1788 4207 spectatores
1840 4127 2197 4207 magnifico
2236 4128 2663 4208 sublimeque
2698 4129 3040 4193 afficeren-

699 4257 833 4330 tur,
915 4256 1256 4330 quatenus
1323 4250 1388 4313 id
1460 4250 1529 4312 in
1602 4250 1967 4333 comoedia,
2039 4252 2394 4315 cachinnis
2460 4252 2814 4332 indulgere
2882 4268 3034 4315 cum

776 4473 826 4539 1)
869 4469 961 4529 Cf.
1007 4470 1185 4529 huius
1227 4468 1420 4527 libelli
1463 4470 1626 4527 Part.
1671 4468 1722 4545 Ι,
1769 4490 1818 4528 6.
1863 4470 1984 4549 111,
2033 4472 2071 4549 οξ
2116 4473 2171 4547 6,
2214 4492 2272 4549 p.
2317 4473 2397 4529 64
2438 4473 2501 4529 in
2542 4478 2702 4529 nota.

775 4570 824 4647 2)
868 4568 988 4641 Qui
1043 4568 1160 4627 sibi
1215 4567 1416 4625 induit
1467 4573 1665 4641 poetae
1721 4568 2007 4641 inqeninm
2047 4568 2493 4643 .s-ententiamqne
2538 4570 2787 4644 ideoque
2828 4574 3041 4645 poetae

703 4666 829 4724 loco
905 4674 999 4725 est
1073 4666 1388 4725 habendus
1449 4664 1779 4723 secundum
1845 4667 2035 4743 ipsius
2096 4667 2320 4725 Kookii
2380 4666 2581 4743 verba⁷
2647 4686 2799 4741 quae
2860 4686 3043 4742 supra

701 4765 1094 4823 laudavimus.
