3478 5737
1852 585 1977 647 150

737 796 936 860 posse
999 780 1305 859 credunt,
1370 779 1619 858 quibus
1675 777 1945 859 studiis,
1995 778 2322 843 nimirum
2372 778 2699 860 ridiculiS,
2750 778 3083 860 SocrateS,

739 902 988 981 quibus
1054 902 1171 966 alii
1240 901 1624 981 philosophi
1693 900 2011 966 dederint
2077 918 2389 983 operam;
2460 904 2813 967 contendit
2880 920 2937 967 e.
2985 920 3083 982 gr.

740 1026 1046 1090 Kockius
1120 1026 1228 1103 (ad
1307 1042 1407 1089 vs.
1488 1025 1678 1101 638):
1763 1024 2129 1109 „Sokrates
2202 1028 2321 1091 hat
2392 1026 2621 1091 solche
2690 1026 2905 1106 Dinge
2973 1026 3087 1089 nie

739 1150 1038 1230 gelehrt:
1111 1168 1185 1214 es
1251 1149 1345 1214 ist
1405 1149 1514 1213 die
1578 1150 1943 1231 Orthoepie
2006 1152 2124 1214 des
2170 1151 2580 1232 Protaqoras
2626 1151 2995 1231 gemunt-,⁹⁹
3040 1150 3088 1227 l)

742 1274 936 1353 quasi
996 1290 1244 1339 caveae
1305 1274 1434 1338 hoc
1494 1273 1935 1338 notissimum
1998 1274 2266 1355 fuisset,
2326 1277 2398 1338 et
2460 1274 2519 1339 si
2578 1274 2843 1353 fuisset,
2894 1274 2961 1338 id
3008 1290 3091 1337 ea

743 1398 1080 1461 curasset!
1146 1396 1372 1476 Longe
1416 1398 1614 1461 abest
1659 1400 1741 1460 ut
1785 1396 1956 1461 talia
2003 1396 2319 1477 equidem
2369 1396 2662 1461 credam.
2728 1395 3093 1461 Illiteratis

743 1520 1263 1601 spectatoribUS,
1327 1520 1581 1600 ignaris
1641 1519 1723 1583 de
1782 1519 1975 1599 plebe
2022 1520 2420 1585 hominibus
2466 1520 2672 1601 (inter
2720 1537 2893 1600 quos
2938 1520 3092 1583 sine

742 1645 946 1709 dubio
1009 1648 1230 1728 erant,
1293 1644 1410 1725 qui
1472 1643 1556 1708 de
1620 1645 1977 1710 nominum
2024 1644 2391 1724 generibus
2439 1662 2819 1724 numquam
2866 1643 3091 1709 audis-

743 1770 942 1851 sent),
989 1769 1274 1833 facetias
1319 1785 1480 1833 suas
1525 1767 1780 1833 obtulit
1823 1772 2044 1850 poeta,
2095 1768 2271 1847 quod
2319 1768 2640 1848 inprimis
2670 1784 2749 1833 eo
2780 1770 3089 1849 apparet,

744 1892 922 1972 quod
991 1892 1294 1973 facetiae,
1364 1891 1449 1955 ad
1516 1892 1690 1956 hanc
1756 1908 1901 1957 rem
1964 1892 2391 1974 pertinentes
2437 1891 2542 1972 (ad
2590 1908 2838 1972 genera
2882 1890 3085 1971 volo),

746 2033 862 2097 per
947 2018 1237 2079 humum
1320 2015 1486 2079 fecit
1563 2019 1903 2097 repenteS,
1980 2015 2082 2107 sic
2161 2018 2238 2079 ut
2313 2014 2692 2079 illiteratus
2764 2014 2905 2079 fere
2972 2030 3095 2078 eas

747 2141 980 2220 posset
1062 2155 1322 2218 capere.
1415 2138 1541 2219 Qui
1613 2138 1877 2202 factum
1946 2139 2039 2204 sit
2105 2143 2187 2203 ut
2256 2138 2387 2202 viri
2457 2138 2637 2203 docti
2705 2138 2777 2202 in
2849 2137 3095 2217 cogita-

747 2264 1009 2327 tionem
1069 2262 1364 2327 incidere
1427 2262 1799 2342 potuerint,
1864 2266 2305 2343 spectatoreS,
2368 2262 2450 2327 de
2514 2263 2705 2343 plebe
2754 2262 3095 2343 homineS,

749 2387 1123 2451 identidem
1207 2402 1424 2465 aeque
1505 2390 1825 2453 accurate
1909 2386 2192 2451 scivisse
2275 2389 2487 2466 atque
2569 2387 2804 2451 doctos
2888 2386 3097 2467 virOS,

751 2513 1108 2577 cuiusnam
1189 2510 1422 2575 studia
1497 2512 1604 2575 hic
1665 2512 1863 2576 cuius
1924 2510 2064 2575 illic
2118 2515 2313 2593 poeta
2372 2512 2509 2593 ipse
2570 2511 2632 2591 (l)
2694 2511 2765 2575 in
2832 2510 3099 2593 pulpito

751 2639 1085 2719 irrideret,
1151 2636 1471 2719 perfacile
1519 2636 1946 2716 intellegitur
1992 2636 2049 2700 si
2098 2636 2224 2701 tibi
2272 2636 2472 2717 fingis
2520 2635 2747 2700 virum
2796 2636 3101 2717 doctum,

756 2766 1062 2844 leyentem
1153 2765 1458 2826 nostram
1552 2760 1856 2825 fabulam
1949 2760 2508 2839 cogitantemque
2592 2760 2842 2840 omnia,
2923 2776 3105 2839 quae

754 2887 1182 2967 Strepsiades
1241 2886 1430 2966 dicit,
1475 2889 1698 2968 poetae
1742 2887 1954 2967 ipsius
2000 2884 2255 2949 referre
2301 2885 2714 2966 opinionem,
2763 2884 3105 2950 fabulam-

757 3029 888 3090 que
962 3027 1112 3075 esse
1187 3011 1536 3091 scriptam,
1611 3026 1749 3074 non
1812 3025 2063 3073 caveae
2124 3008 2511 3073 ineruditae
2572 3009 2691 3073 sed
2755 3009 2885 3090 ipsi
2950 3008 3108 3072 viro

834 3197 881 3270 1)
937 3195 1306 3252 Prudentius
1359 3213 1502 3252 sane
1545 3192 1871 3270 Bergkius,
1914 3191 2131 3268 fragm.
2176 3193 2365 3252 Arist.
2408 3213 2467 3270 p.
2513 3195 2664 3251 333:
2715 3199 2955 3266 „errant
2996 3195 3115 3268 qui

759 3295 876 3352 ista
915 3291 1102 3351 verba
1143 3299 1270 3369 περὶ
1314 3295 1465 3348 ἐπῶν
1509 3290 1588 3349 ad
1629 3291 1841 3368 poesin
1882 3289 2165 3368 referant,
2210 3290 2287 3349 de
2329 3311 2449 3366 qua
2488 3290 2641 3348 nihil
2682 3291 2921 3350 omnino
2951 3289 3119 3350 dicit

761 3391 1057 3466 SocrateS,
1119 3389 1301 3447 immo
1363 3388 1695 3466 respiciunt
1762 3388 2217 3464 grammaticam
2278 3389 2442 3446 illam
2506 3387 2860 3464 doctrinam,
2924 3408 3119 3464 quam

761 3489 1125 3563 Protagoras
1179 3484 1520 3564 ὀρὸοέπειαιν
1577 3486 1920 3563 appellavit,
1978 3504 2277 3560 quamque
2328 3485 2595 3544 illustrat
2645 3485 2922 3544 Socrates
2962 3485 3121 3546 inde

765 3607 800 3644 a
837 3605 926 3644 vs.
971 3585 1089 3642 648
1129 3581 1297 3658 sqq.''

843 3681 1116 3740 Kockius
1157 3680 1428 3740 eiusdem
1471 3685 1566 3738 est
1605 3680 1942 3738 sententiae
1983 3679 2085 3756 (ad
2126 3700 2214 3738 vs.
2259 3681 2430 3757 638):
2481 3687 2645 3758 „rt-spi
2689 3683 2841 3737 ἐτῶν
2886 3681 2965 3738 ist
3008 3678 3125 3738 die

765 3779 961 3838 Lehre
1015 3798 1132 3838 von
1173 3779 1282 3836 der
1323 3777 1648 3855 Orthoepie
1689 3775 1791 3852 (cf.
1832 3777 1987 3835 Ran.
2030 3779 2165 3854 801,
2212 3777 2389 3856 1181)
2432 3777 2601 3836 nicht
2642 3782 2802 3836 etwa
2840 3797 2957 3836 von
3000 3777 3131 3836 der

767 3877 1125 3952 Auslegung
1186 3875 1295 3934 der
1335 3875 1606 3950 Dichter,
1648 3875 1765 3933 wie
1806 3895 1945 3932 man
1986 3875 2140 3933 nach
2181 3875 2337 3932 Plat.
2381 3875 2546 3934 Prot.
2590 3875 2710 3934 338
2750 3875 2807 3934 E
2850 3873 2912 3933 fi.
2956 3877 3128 3953 (περὶ

769 3977 920 4030 ἐπῶν
962 3975 1142 4030 δεινὸν
1171 3975 1340 4046 εἶναι)
1366 3977 1682 4031 vermuten
1709 3971 1993 4030 konnte.’'
2038 3972 2225 4031 Hisce
2260 3973 2581 4049 postremis
2610 3971 2817 4032 verbis
2842 3969 3133 4031 refutare

769 4070 1014 4130 videtur
1085 4069 1360 4129 Kockius
1435 4069 1674 4128 Grothii
1748 4070 2109 4128 sententiam
2187 4069 2286 4146 (de
2359 4069 2605 4129 Socrate
2666 4069 3132 4148 AristophaniS,

775 4168 1013 4226 dissert.
1067 4169 1224 4225 liter.
1308 4167 1576 4244 Trajecti
1637 4167 1714 4225 ad
1774 4167 2056 4225 Rhenum
2119 4167 2271 4225 1843
2332 4187 2470 4244 pag.
2538 4167 2707 4246 124):
2777 4166 3137 4242 „Nimirum

776 4271 1096 4340 utrumque
1159 4265 1446 4340 studium,
1505 4263 1824 4324 verborum
1880 4265 2145 4340 cognitio
2201 4269 2265 4322 et
2318 4271 2633 4341 poetarum
2674 4263 3139 4343 interpretati0‚

777 4363 1110 4422 arctissime
1165 4368 1295 4420 erat
1349 4361 1749 4439 copulatum..
1778 4406 1829 4419 ..
1874 4361 2215 4437 disquisitio
2260 4362 2361 4420 illa
2404 4379 2531 4440 περι
2574 4365 2728 4419 ἐπῶν
2768 4361 3009 4440 proprie
3050 4363 3147 4422 de

782 4459 1038 4517 versibus
1079 4460 1360 4517 instituta
1400 4459 1542 4516 dein
1583 4459 1796 4518 latiore
1838 4479 2018 4518 sensu
2061 4459 2137 4518 de
2178 4458 2381 4518 verbis
2422 4465 2485 4518 et
2526 4461 2919 4536 grammatice
2948 4479 3151 4520 usur-

783 4561 924 4633 pata
961 4556 1119 4633 (est).
1183 4556 1469 4614 Declarat
1509 4555 1620 4615 hoc
1661 4557 1827 4614 locus
1868 4557 2168 4615 Platonici
2209 4559 2578 4634 Protagorae
2621 4578 2677 4635 p.
2723 4558 2842 4616 338
2882 4557 2957 4634 E,
3000 4559 3151 4620 339

785 4653 896 4711 A.'’
961 4653 1064 4711 Nil
1107 4652 1323 4728 obstat,
1367 4653 1484 4712 nisi
1525 4653 1719 4731 fallor,
1765 4655 2079 4729 quominus
2120 4654 2176 4711 h.
2222 4655 2259 4713 1.
2304 4675 2412 4731 per
2440 4666 2567 4733 περὶ
2598 4659 2748 4713 ἐπῶν
2778 4654 3153 4734 significare

789 4749 1090 4806 Socratem
1133 4755 1414 4826 putemus
1456 4757 1646 4808 artem
1687 4753 2141 4828 grammaticam
2180 4754 2280 4810 vel
2316 4754 2517 4829 potius
2544 4754 2852 4813 nominum
2878 4773 3155 4832 genera.
