3478 5737
1568 613 1686 676 191

448 806 536 866 οὐ
596 804 926 882 ταῦτόν,
988 799 1038 866 ὦ
1107 818 1246 883 τᾶν,
1289 806 1479 884 ἐστίν,
1542 806 1707 871 οὐδ’
1770 810 1863 873 ἂν
1928 814 2353 894 Σωκράτει
2403 814 2689 900 δοκοίη
2722 818 2793 897 1).

537 927 760 1011 Pater,
810 930 919 994 cui
967 930 1107 994 iam
1151 929 1380 1010 placet
1415 948 1823 1014 responsum
1864 934 2217 1001 Socratem
2255 939 2442 1005 hisce
2479 940 2551 1006 in
2589 943 2795 1007 rebus

446 1054 704 1119 bestias
762 1054 1024 1119 imitari
1085 1071 1216 1121 non
1283 1055 1458 1121 velle
1517 1094 1578 1103 —
1637 1058 1993 1139 hucusque
2040 1061 2496 1129 stultissimas
2541 1065 2791 1147 opinio·

446 1196 569 1243 nes
603 1178 1025 1261 philosophis
1061 1179 1327 1246 solebat
1363 1182 1753 1247 adiudicare
1790 1220 1883 1265 -‚
1912 1201 1999 1249 ex
2038 1202 2117 1250 ea
2149 1185 2449 1253 Socratis
2473 1190 2793 1270 opinione

443 1303 981 1369 concludendum
1041 1321 1190 1371 esse
1253 1311 1506 1388 censet,
1573 1307 1750 1373 filios
1796 1325 1929 1373 non
1961 1276 2199 1391 ‘magis
2245 1312 2483 1378 decere
2530 1319 2599 1378 τὸ
2648 1320 2793 1391 τοὺς

442 1431 713 1511 πατέρας
769 1433 1044 1494 τύπτειν.
1126 1430 1446 1514 „Itaque”
1507 1470 1570 1477 —
1629 1433 1728 1497 sic
1795 1434 2021 1515 pergit
2080 1472 2141 1481 -
2204 1438 2383 1521 „noli
2435 1440 2793 1506 verberare

439 1554 620 1638 (πρὸς
685 1568 888 1620 ταῦτα
946 1560 1030 1639 μὴ
1083 1557 1310 1638 τύπτ’),
1361 1573 1446 1620 ne
1493 1560 1565 1620 te
1613 1560 1853 1638 postea
1899 1557 2315 1639 paeniteat?
2384 1560 2577 1645 Filio,
2625 1566 2788 1645 quid

441 1678 570 1745 sibi
619 1681 792 1746 velit
835 1683 1031 1764 pater
1077 1698 1212 1746 non
1262 1681 1434 1745 satis
1479 1681 1929 1763 intellegenti,
1978 1685 2421 1765 rogantique:
2470 1692 2574 1751 καὶ
2616 1702 2793 1770 meg-,-

439 1805 626 1886 (quid
665 1806 764 1871 ita
779 1806 854 1887 ‘?)‚
905 1806 1272 1887 respondet
1318 1804 1772 1888 Strepsiades,
1822 1807 1961 1889 qui,
2009 1808 2235 1888 specie
2284 1813 2557 1877 tanturn
2586 1814 2791 1880 intre·

439 1931 658 2013 pidus‚
711 1934 903 1995 metu
950 1930 1320 1996 verberum
1365 1930 1502 1995 iam
1552 1930 1777 1995 denuo
1816 1931 2342 2013 pavidissimum
2377 1954 2450 2002 se
2484 1941 2789 2021 praebet,

440 2055 804 2135 omniaque
859 2054 1142 2121 molitur
1191 2071 1274 2119 ne
1320 2054 1574 2120 iterum
1625 2054 1942 2135 vapulet:
1996 2072 2339 2139 „aequum
2387 2064 2495 2125 est
2540 2064 2624 2127 ut
2668 2080 2791 2144 ego

439 2183 510 2243 te
572 2178 919 2261 castigem,
983 2183 1063 2244 tu
1121 2182 1359 2243 autem
1412 2178 1578 2243 olim
1624 2178 1841 2243 filium
1890 2182 2161 2245 tuum.'’
2234 2182 2432 2249 Hanc
2478 2187 2789 2252 observa·

437 2303 702 2367 tionem
749 2320 886 2368 non
935 2302 1232 2367 multum
1281 2302 1508 2367 valere
1555 2302 1862 2367 ostendit
1908 2303 2131 2369 filius:
2188 2307 2287 2390 „si
2332 2310 2571 2373 autem
2618 2311 2787 2375 mihi

438 2444 574 2493 non
644 2428 778 2492 erit
845 2425 1050 2509 flliuS,
1120 2426 1382 2491 frustra
1443 2425 1819 2508 ploravere,
1883 2430 1961 2492 tu
2022 2430 2258 2494 autem
2325 2448 2435 2496 me
2498 2433 2790 2501 irridens

435 2554 795 2618 morieris’'
866 2554 962 2635 (σὺ
1032 2552 1090 2616 δ’
1161 2554 1442 2637 ἐγχανὼν
1506 2552 1841 2632 τεθνήξεις,
1900 2552 1942 2617 i.
2004 2570 2061 2617 e.
2124 2570 2167 2619 a
2226 2572 2337 2619 me
2406 2573 2787 2639 numquam

435 2676 784 2742 mulcatus
846 2678 928 2742 de
991 2679 1142 2742 vita
1202 2676 1522 2757 decedes;
1584 2692 1722 2742 non
1789 2678 1975 2741 recte
2037 2676 2347 2744 Ernesti:
2409 2683 2491 2745 tu
2546 2684 2784 2748 autem

421 2820 598 2884 prae
653 2802 800 2867 risu
863 2801 1212 2882 morieris).
1297 2800 1505 2902 Hisce
1566 2800 1846 2865 tandem
1908 2802 2137 2866 verbis
2197 2804 2549 2870 convincit
2602 2805 2786 2873 filius

434 2931 722 3008 patrem,
770 2926 1181 3007 adducitque
1227 2926 1311 2990 ad
1359 2926 1855 3008 professionem
1902 2926 2155 3004 (1439):

704 3051 913 3116 κλάειν
961 3056 1082 3133 γὰρ
1128 3056 1292 3133 ἡμᾶς
1335 3053 1495 3124 εἰκός
1541 3049 1686 3128 ἐστ’,
1731 3053 1807 3134 ἢν
1856 3056 1940 3132 μὴ
1991 3051 2207 3114 δίκαια
2254 3051 2519 3135 δρῶμεν.

525 3177 790 3242 Revera
870 3176 1357 3260 Strepsiadem,
1443 3175 1604 3256 quia
1684 3193 1806 3257 per
1887 3179 2106 3240 totam
2186 3177 2493 3242 fabulam
2568 3195 2783 3259 prava

433 3302 827 3380 cupientem
893 3318 965 3365 se
1027 3301 1442 3381 praebuerit,
1507 3316 1726 3381 poena
1785 3317 1937 3365 esse
1998 3301 2501 3384 dignissimum,
2550 3302 2784 3367 nullus

433 3429 776 3508 spectator
837 3425 1081 3489 nescit.
1151 3425 1308 3506 Ipse
1353 3425 1589 3488 autem
1638 3423 1942 3488 rusticus
1987 3440 2121 3488 non
2172 3424 2345 3490 satis
2390 3425 2523 3490 sibi
2568 3425 2777 3490 animi

431 3551 788 3615 caecitatis
835 3550 1147 3614 conscius
1191 3565 1343 3614 esse
1392 3548 1687 3612 videtur.
1761 3548 1909 3629 Qua
1954 3565 2029 3612 re
2080 3551 2157 3613 ut
2203 3549 2420 3629 magis
2457 3549 2669 3614 etiam
2708 3551 2782 3614 in

429 3675 786 3754 angustias
832 3673 1213 3739 adducatur
1256 3691 1299 3737 a
1346 3673 1503 3755 filiO,
1553 3689 1831 3738 necesse
1878 3673 2082 3738 duxit
2120 3676 2340 3755 poeta.
2386 3675 2532 3758 „Ad
2571 3674 2778 3740 aliam

431 3799 708 3882 insuper
789 3799 1208 3864 sententiam
1289 3798 1674 3879 attendaS‚”
1760 3798 1859 3862 sic
1938 3797 2163 3880 pergit
2239 3798 2441 3862 filius.
2546 3799 2777 3864 Novae

426 3923 1048 4004 argumentationis
1109 3926 1301 3986 metu
1362 3921 1501 3985 iam
1547 3920 1632 3986 ad
1681 3921 2226 4002 desperationem
2275 3921 2613 4004 redactuS‚
2663 3939 2774 3988 ex-

426 4047 681 4114 clamat
741 4051 974 4130 pater:
1028 4051 1195 4132 ,,ἀπὸ
1240 4050 1360 4129 γὰρ
1407 4045 1737 4126 ὀλοῦμαι.”
1799 4083 1861 4092 -
1925 4043 2039 4130 „Si
2082 4063 2183 4111 me
2228 4047 2626 4126 audiveris‚”
2674 4047 2773 4111 sic

422 4170 568 4236 fere
629 4172 933 4252 loquitur
989 4172 1191 4250 filius,
1246 4171 1578 4256 „fortasse
1624 4187 1760 4235 non
1810 4169 2109 4251 amplius
2153 4170 2547 4250 gravaberis
2592 4169 2772 4249 quod

424 4296 622 4361 modo
681 4315 724 4361 a
785 4313 894 4361 me
953 4314 1028 4361 es
1090 4298 1514 4377 verberatus,
1579 4296 1620 4359 i.
1684 4312 1742 4360 e.
1801 4295 1969 4360 mihi
2018 4294 2313 4374 gratiam
2358 4294 2643 4360 habebis
2688 4295 2773 4358 ob

502 4595 552 4674 1)
593 4597 830 4656 Kockio
871 4598 1062 4676 igitur
1103 4595 1417 4656 annotanti
1459 4595 1539 4654 ad
1579 4615 1668 4654 vs.
1717 4595 1903 4653 1432:
1952 4592 2425 4670 „Pheidippides
2469 4595 2553 4650 ist
2588 4589 2773 4651 offen-

414 4694 534 4755 bar
593 4696 658 4753 in
717 4695 1152 4773 Verlegenheit
1213 4693 1340 4752 und
1400 4693 1579 4751 sucht
1633 4692 1764 4751 sich
1816 4691 2017 4750 hinter
2072 4692 2240 4749 einer
2295 4692 2643 4750 Auctoritat
2699 4709 2773 4747 zu

413 4793 818 4854 verstecken’'
863 4799 978 4870 cet,
1019 4813 1140 4851 non
1181 4792 1492 4851 assentior.
