3478 5737
66 432 77 511 Ί-Ί-

1871 590 1995 652 136

763 783 901 847 lam
948 782 1210 863 optima
1256 799 1377 864 spe
1425 798 1710 848 scaenae
1758 782 2215 847 commiserat.
2287 780 2449 845 Fuit
2494 780 2746 862 fabula,
2796 780 2877 843 ut
2914 778 3101 861 dicit,

763 907 886 986 (vs.
943 906 1071 969 534
1117 909 1264 987 sq.),
1328 906 1642 972 Electrae
1685 906 1926 986 instar,
1970 922 2203 970 amore
2247 905 2549 969 fraterno
2596 903 2909 983 flagrans,
2958 902 2999 965 i.
3046 918 3104 967 e.

764 1032 1211 1096 vehementer
1266 1031 1549 1111 cupiens
1595 1033 2082 1112 spectatorum,
2128 1030 2343 1093 animi
2390 1028 2733 1092 affinitate
2778 1026 2909 1090 sibi
2954 1042 3106 1090 con·

763 1153 1175 1236 iunctorum,
1223 1172 1527 1220 amorem
1575 1155 2037 1234 favoremque.
2082 1153 2132 1233 1)
2171 1153 2451 1235 ‘Lepide
2497 1152 2714 1233 igitur
2758 1152 2858 1215 sic
2903 1154 3106 1233 poeta

765 1296 960 1344 suam
1045 1280 1115 1343 in
1198 1280 1522 1361 populum
1615 1279 2116 1345 incusationem
2186 1279 2418 1343 minus
2484 1276 2709 1341 reddit
2773 1277 3107 1341 acerbam.

765 1402 1091 1485 Inprimis
1135 1406 1368 1468 autem
1417 1420 1504 1468 ex
1552 1403 1656 1485 iis,
1707 1420 1880 1484 quae
1926 1404 2331 1482 sequuntur,
2378 1404 2663 1483 apparet
2706 1417 2865 1463 eum
2898 1416 3107 1479 quam

765 1526 1067 1591 maxime
1112 1527 1178 1591 id
1227 1527 1467 1609 egisse,
1515 1544 1602 1592 ne
1647 1526 1859 1592 nimis
1894 1526 2157 1591 acerbis
2195 1525 2448 1589 utendo
2480 1522 3109 1605 vituperationibus

763 1652 835 1716 in
897 1654 1248 1731 posterum
1312 1668 1559 1717 caveae
1619 1668 1902 1733 prorsus
1960 1650 2319 1715 amitteret
2382 1646 2951 1713 benevolentiam.
3034 1645 3106 1710 Si

763 1775 950 1839 enim
1005 1775 1103 1839 nil
1149 1775 1446 1857 amplius
1493 1775 1743 1840 morari
1790 1777 2254 1856 spectatorum
2303 1773 2610 1838 favorem
2658 1770 3104 1847 instituisset,

763 1898 833 1962 in
883 1898 1065 1963 hunc
1109 1898 1251 1963 fere
1298 1898 1576 1963 modum
1623 1897 2169 1979 indignationem
2217 1914 2415 1963 suam
2450 1912 2761 1979 promere
2792 1894 3109 1959 debuisse

764 2022 1093 2086 dixerim:
1147 2021 1339 2107 „Non
1385 2021 1645 2104 placuit
1689 2021 1927 2087 fabula
1976 2038 2148 2099 mea,
2199 2020 2357 2101 quid
2408 2019 2697 2085 mirum!
2748 2018 2882 2083 Eae
2920 2016 3102 2081 enim

763 2145 1146 2210 comoediae
1193 2162 1462 2225 semper
1507 2148 1676 2209 sunt
1717 2148 1955 2225 gratae
1992 2150 2061 2211 et
2100 2150 2441 2227 acceptae,
2482 2160 2775 2225 quarum
2816 2141 3109 2206 facetiae

764 2270 1084 2351 spectant
1127 2271 1251 2333 aut
1295 2269 1378 2333 ad
1426 2269 1759 2349 ignobiles
1805 2270 2103 2351 corporis
2150 2270 2542 2351 voluptates
2588 2270 2712 2349 (vs.
2759 2266 2884 2331 537
2936 2270 3109 2344 sqq.)

763 2394 889 2457 aut
935 2392 1176 2457 innato
1223 2392 1618 2459 hominibus
1662 2393 2057 2461 inserviunt
2103 2393 2353 2474 studi0,
2403 2409 2536 2473 quo
2584 2393 2787 2455 notos
2832 2390 2902 2454 in
2950 2390 3109 2453 civi·

765 2520 914 2582 tate
985 2518 1172 2582 viros
1232 2519 1600 2600 perstringi
1661 2518 1897 2584 audire
1958 2520 2365 2601 praesertim
2426 2517 2711 2583 incultis
2765 2516 2935 2580 libet
2980 2522 3109 2593 (vs.

766 2643 896 2707 549
943 2647 1114 2724 sqq).
1187 2642 1312 2723 Qui
1375 2644 1681 2710 fabulam
1729 2645 2157 2710 conscribere
2206 2641 2517 2708 instituit
2563 2644 2934 2725 σοφωτάτην
2984 2646 3110 2717 (vs.

767 2770 918 2847 522)
1001 2772 1071 2833 et
1148 2772 1440 2851 σώφρονα
1525 2770 1726 2851 (537),
1814 2770 2197 2835 necessario
2282 2770 2735 2849 posthabetur
2796 2781 3111 2850 φορτικοῖς

763 2891 1150 2957 fabularum
1211 2893 1629 2958 auctoribus.
1723 2892 1958 2973 Debet,
2031 2895 2110 2957 ut
2172 2893 2465 2972 videtur,
2514 2891 2817 2957 comicus
2860 2909 3113 2973 semper

763 3015 923 3081 dare
1006 3033 1140 3081 non
1223 3034 1397 3097 quae
1477 3017 1608 3098 ipsi
1691 3017 1984 3100 placent,
2068 3016 2182 3082 sed
2268 3033 2442 3096 quae
2524 3015 2792 3096 flagitat
2864 3031 3109 3080 cavea:

765 3142 1018 3204 σκυτίον
1105 3143 1471 3221 καθειμένον
1519 3139 1572 3218 2)
1640 3158 1727 3206 ne
1798 3141 2011 3206 desit!
2082 3145 2153 3206 te
2222 3141 2319 3206 Sic
2389 3140 2594 3206 iocari
2668 3143 2960 3222 Oportet,
3033 3143 3111 3203 ut

843 3386 892 3466 1)
947 3387 1148 3447 Versu
1202 3387 1319 3446 536
1375 3406 1485 3466 per
1538 3407 1751 3447 vocem
1807 3387 2073 3464 ἀδελφός
2126 3391 2515 3464 spectatores,
2560 3391 2775 3463 poetae
2816 3383 3111 3458 faventeS,

764 3484 1208 3561 intellegendos
1269 3503 1400 3544 esse
1459 3505 1595 3544 cum
1649 3485 2009 3544 Leeuwenio
2053 3501 2283 3543 censeo.
2351 3484 2436 3545 Ut
2484 3483 2733 3542 Electra
2787 3481 3039 3542 fratrem
3080 3501 3113 3541 e

766 3583 1040 3640 cincinno
1095 3583 1363 3659 agnovit,
1415 3583 1504 3641 sic
1543 3587 1724 3660 poeta
1762 3586 1839 3639 'ex
1880 3582 2116 3659 plausu.
2137 3580 2235 3639 vel
2276 3585 2430 3639 nutu
2472 3585 2760 3656 agnoscet
2800 3598 2941 3638 suos
2983 3578 3113 3638 fau·

769 3683 945 3744 tores,
1009 3679 1247 3738 Kockio
1290 3680 1482 3756 igitur
1523 3700 1642 3738 non
1685 3680 1981 3738 assentior
2023 3678 2414 3738 contendenti
2456 3677 2642 3752 (Einl.
2687 3678 2726 3755 ξ
2768 3677 2906 3755 33):
2958 3677 3113 3750 „Die

767 3773 990 3834 beiden
1043 3776 1157 3832 mit
1211 3775 1390 3836 Orest
1430 3777 1557 3836 und
1596 3777 1847 3837 Electra
1886 3775 2317 3853 verglichenen
2360 3774 2771 3835 Geschwister
2810 3774 2967 3852 sind,
3010 3776 3111 3834 die

766 3870 988 3932 beiden
1040 3872 1384 3933 Komodien
1439 3873 1992 3934 ‘Schmausbriider'
2050 3873 2178 3932 und
2229 3872 2349 3932 ‘die
2388 3891 2586 3932 neuen
2628 3871 2931 3932 Wolken'.
2994 3873 3113 3930 Die

767 3969 1436 4030 Familienahnlichkeit
1489 3973 1571 4031 ist
1625 3971 1726 4029 die
1782 3969 2318 4032 Verwandtschaft
2372 3971 2481 4029 des
2535 3969 2826 4028 Inhalts.”
2893 3969 2962 4028 Si
3002 3968 3114 4028 hoc

765 4067 1060 4125 voluisset
1099 4073 1294 4145 poeta,
1339 4067 1614 4127 dixisset.
1691 4067 1751 4127 N
1753 4087 1786 4126 e
1829 4073 2056 4126 temere
2099 4067 2450 4144 credideriS,
2494 4071 2864 4144 spectatores
2905 4067 3112 4125 statim

769 4163 1126 4240 perspicere,
1171 4165 1333 4239 quod
1371 4163 1700 4225 lectoribus
1742 4164 1893 4223 adeo
1933 4164 2113 4223 nimis
2154 4165 2493 4239 quaesitum
2535 4162 2735 4222 videri
2772 4168 2994 4241 potest.

847 4263 900 4336 2)
961 4261 1062 4320 Sic
1113 4261 1457 4340 legendum.
1535 4261 1853 4321 Dobraeus
1908 4260 2316 4339 καθημμένον,
2375 4267 2445 4320 ut
2497 4280 2677 4340 saepe
2730 4261 2998 4320 vidimus
3052 4263 3113 4320 in

771 4357 1158 4436 imaginibuS,
1214 4359 1325 4419 sed
1378 4364 1508 4417 tum
1562 4357 1658 4419 bis
1715 4359 1941 4418 dicitur
1982 4358 2142 4418 idem
2185 4358 2283 4435 (cf.
2329 4361 2679 4438 ῥαψαμένη).
2740 4358 2926 4437 Apud
2966 4359 3111 4418 Luc.

770 4455 847 4512 D.
906 4455 982 4514 D.
1040 4455 1127 4532 II,
1171 4458 1238 4515 2:
1300 4454 1647 4534 καθειμένος
1701 4457 2081 4535 βοστρύχους
2123 4455 2283 4534 (cum
2323 4457 2524 4534 longis
2566 4457 2858 4516 cincinnis
2899 4455 3114 4516 demis·

770 4561 909 4634 sis);
965 4561 1098 4619 Ael.
1157 4561 1230 4622 V.
1289 4563 1367 4621 H.
1427 4562 1545 4639 XI,
1607 4564 1711 4621 10:
1772 4565 1838 4620 τὸ
1893 4568 2117 4636 γένειον
2160 4564 2319 4638 αὐτῷ
2366 4562 2717 4627 καθεῖτο.
2780 4563 2903 4622 Dio
2946 4563 3111 4623 Cas-⁸³.

769 4657 973 4735 LXII,
1026 4659 1096 4716 2:
1157 4660 1267 4734 τὴν
1325 4661 1511 4737 κόμην
1567 4665 1753 4738 μέχρι
1798 4668 1915 4718 τῶν
1958 4667 2235 4734 γλουτῶν
2278 4659 2625 4726 καθεῖτο.
2689 4661 2921 4721 Eccles.
2972 4661 3111 4720 100:

775 4757 875 4813 τὸν
919 4761 1180 4830 πώγωνα
1228 4776 1294 4813 τε
1337 4754 1358 4830 J'
1404 4757 1546 4815 ὅταν
1593 4755 1971 4835 καθῶμεν,
2016 4760 2076 4815 ὂν
2106 4757 2575 4838 περιδησόμεσθ’
2614 4761 2754 4817 ἐκεῖ.
