3478 5737
1477 590 1556 653 81

364 782 807 858 assueverint,
868 782 1013 846 fleri
1076 782 1309 863 possit.
1389 782 1524 846 Cur
1588 780 1653 845 id
1703 783 2052 847 curaverit
2097 764 2321 865 poet-,ag
2369 785 2697 852 continuo

366 908 509 987 post
553 908 861 987 apparet.
928 905 1114 987 Quae
1160 906 1346 970 enim
1392 922 1433 969 a
1480 905 1874 986 Strepsiade
1921 906 2266 989 dicuntur,
2317 910 2512 988 quasi
2560 927 2695 975 uno

365 1030 495 1093 ictu
552 1029 945 1111 propellunt
1004 1030 1261 1095 elatum
1326 1032 1539 1109 atque
1600 1029 1967 1094 sublimem
2013 1030 2210 1095 illum
2259 1032 2607 1115 affectum,
2655 1051 2697 1097 a

365 1153 570 1217 Choro
640 1158 1107 1235 provocatum,
1180 1157 1597 1234 moventque
1668 1154 2091 1218 humillimos
2151 1156 2366 1219 animi
2427 1174 2692 1221 sensus.

363 1276 519 1341 Ecce
583 1278 689 1341 vis
748 1278 1042 1342 comica:
1106 1278 1377 1359 quaerit
1437 1278 1689 1357 ubique
1738 1294 1902 1343 suas
1947 1278 2431 1361 oppositiones
2479 1281 2694 1345 animi

362 1403 583 1464 motus
666 1400 997 1465 sublimes
1080 1416 1197 1479 per
1280 1416 1491 1463 unum
1564 1400 1852 1463 verbum
1923 1400 2183 1464 humile
2254 1401 2692 1467 sordidumve

360 1524 697 1605 detergere
757 1526 1047 1589 conatur
1109 1523 1596 1587 cachinnorum
1659 1540 1884 1587 causa.
1927 1524 1976 1599 1)
2041 1524 2222 1587 Num
2286 1542 2372 1588 ex
2437 1526 2694 1590 talibus

357 1648 515 1713 iocis
557 1652 861 1731 apparet,
910 1648 1247 1713 comicum
1299 1651 1571 1729 poetam
1619 1647 1912 1729 excelsa,
1962 1648 2286 1713 sublimia
2323 1649 2688 1731 despicere,

359 1788 503 1836 eum
569 1790 949 1852 numquam
1012 1772 1177 1837 altis
1236 1772 1629 1851 divinisque
1674 1773 1888 1837 animi
1937 1772 2240 1837 motibus
2286 1773 2718 1855 indulgere?‘

362 1896 667 1977 Minime3
714 1896 951 1961 divina
996 1898 1145 1978 ipsa
1190 1914 1683 1977 saepenumero
1729 1897 1992 1961 intacta
2039 1897 2546 1977 relinquuntur.
2619 1898 2689 1963 Si

360 2021 508 2099 quid
567 2026 679 2085 est
741 2020 917 2101 quod
982 2020 1301 2099 offendat,
1365 2022 1437 2085 in
1501 2037 1577 2084 eo
1626 2022 1928 2101 positum
1977 2038 2126 2085 esse
2173 2020 2464 2085 dixerim
2511 2023 2688 2102 quod

358 2144 449 2208 ita
492 2162 643 2209 cum
699 2146 1019 2227 turpibus
1066 2146 1373 2226 honesta,
1415 2163 1568 2209 cum
1606 2145 1934 2225 improbis
1973 2145 2101 2227 pia,
2136 2145 2507 2225 divinaque
2532 2164 2689 2211 cum

360 2269 671 2333 humanis
710 2274 972 2335 temere
1012 2270 1573 2351 permisceantur.
1625 2272 1958 2333 Attamen
1994 2270 2144 2351 ipsa
2174 2286 2405 2334 rerum
2439 2272 2692 2333 natura

358 2394 473 2457 hac
528 2396 597 2458 in
664 2411 738 2457 re
799 2394 1215 2459 comicorum
1280 2396 1387 2457 est
1452 2393 1798 2473 magistra.
1870 2392 2088 2474 Quam
2151 2392 2350 2457 facile
2412 2394 2484 2457 in
2545 2394 2690 2457 vita

356 2518 691 2583 cotidiana
736 2518 1016 2583 divinus
1058 2518 1311 2597 aliquis
1356 2534 1602 2581 sensus
1647 2516 2079 2582 disturbatur
2110 2518 2355 2582 humili
2389 2518 2682 2597 quodam

354 2642 613 2724 affectu,
663 2643 827 2709 dum
875 2658 986 2705 res
1030 2641 1305 2705 divinae
1352 2642 1541 2721 ipsae
1588 2641 2044 2705 intemeratae
2091 2645 2398 2707 manent.

440 2767 538 2831 Ad
628 2766 983 2831 Socratem
1066 2765 1243 2845 quod
1316 2765 1637 2845 pertinet,
1710 2766 1883 2829 vitio
1951 2764 2399 2845 Aristophani
2471 2765 2692 2846 possis

358 2895 639 2974 vertere,
726 2891 903 2971 quod
988 2890 1389 2972 philosopho
1460 2891 1668 2969 probo
1738 2889 2058 2972 opposuit
2127 2889 2686 2968 rusticissimum‚

354 3031 559 3094 prava
603 3015 685 3079 de
730 3015 1161 3095 philosophia
1208 3015 1525 3096 opinione
1570 3014 2002 3078 obstrictum.
2061 3013 2405 3078 Debemus
2450 3017 2686 3076 autem

354 3137 507 3202 huic
554 3138 967 3221 oppositioni
1008 3154 1323 3217 magnam
1366 3137 1776 3202 facetiarum
1811 3137 2097 3218 copiam,
2145 3152 2318 3216 quae
2357 3151 2481 3199 nos
2505 3135 2688 3200 doce-

352 3266 489 3344 ant,
538 3281 669 3342 quo
716 3267 914 3345 pacto
962 3263 1435 3342 unusquisque
1483 3261 1929 3342 philosophus
1967 3260 2074 3324 vel
2117 3259 2388 3342 sapiens
2421 3259 2687 3324 invitus

352 3388 417 3452 in
462 3405 725 3454 errores
772 3388 1016 3452 ducere
1062 3388 1281 3451 soleat
1329 3386 1577 3466 vulgus
1626 3387 2010 3467 profanum.

425 3602 473 3678 1)
533 3600 627 3660 Ob
668 3599 1013 3658 huiusmodi
1058 3618 1255 3656 rerum
1301 3598 1669 3656 excelsarum
1713 3601 1896 3670 atque
1939 3594 2324 3672 profanarum
2368 3593 2688 3670 oppositio-

352 3717 453 3755 nes
494 3697 835 3756 comoediae
876 3695 1353 3772 Aristophaneae
1397 3695 1726 3772 comparari
1761 3699 2010 3771 possunt
2039 3713 2172 3750 cum
2202 3690 2424 3750 fabulis
2451 3691 2686 3749 hodier-

352 3795 455 3872 niS,
512 3815 663 3870 quae
724 3793 1119 3872 „Operettes”
1176 3799 1483 3862 vocantur,
1538 3793 1739 3850 omnia
1779 3791 1974 3850 iocose
2017 3791 2148 3848 sine
2190 3790 2314 3848 ulla
2357 3787 2686 3848 acerbitate

352 3893 767 3953 tractantibus.
