3478 5737
1503 592 1582 655 31

375 783 628 848 indicia
657 783 736 848 ad
773 788 1240 866 spectatorum
1273 785 1628 866 ingenium
1664 789 1736 850 et
1768 787 2127 867 opiniones
2158 787 2726 883 cognoscendum.

381 907 652 992 „Dutch
697 909 942 974 Nichts
979 946 1040 954 —
1076 909 1258 975 dixit,
1303 908 1638 974 Goethius
1675 947 1735 956 -
1774 911 2188 975 bezeichnen
2226 911 2334 977 die
2361 911 2729 976 Menschen

377 1033 574 1098 mehr
635 1034 830 1098 ihren
897 1033 1280 1100 Charakter
1337 1035 1442 1099 als
1506 1034 1718 1100 durch
1785 1035 1926 1117 das,
1994 1052 2137 1100 was
2198 1035 2299 1100 sie
2363 1035 2731 1100 lacherlich

376 1157 666 1222 finden.”
736 1158 820 1222 cf.
871 1158 1195 1240 Carri'ere,
1247 1159 1639 1224 Aesthetik.
1687 1159 1967 1240 (V01.,1,
2017 1177 2077 1240 p.
2129 1159 2301 1236 182).

467 1281 705 1363 Populi
754 1283 964 1363 igitur
1013 1299 1236 1348 mores
1281 1286 1492 1363 atque
1532 1283 1987 1348 eruditionem
2027 1284 2221 1363 quasi
2264 1284 2497 1348 metiri
2520 1289 2729 1366 atque

373 1407 741 1471 aestimare
801 1424 1168 1489 possumus
1229 1407 1635 1472 facetiarum
1683 1409 1973 1489 ratione,
2031 1408 2317 1488 ideoque
2364 1409 2433 1472 in
2484 1425 2729 1473 scaena

373 1531 717 1596 dictorum
779 1549 996 1612 genus
1057 1549 1428 1612 congruere
1484 1532 1686 1596 debet
1731 1550 1883 1596 cum
1936 1532 2404 1612 spectantium
2452 1533 2727 1614 ingenio

371 1659 587 1736 atque
632 1657 846 1722 animi
895 1656 1185 1722 cultura.
1257 1657 1382 1737 Qui
1431 1657 1781 1722 auditores
1826 1673 2065 1736 capere
2112 1659 2185 1722 et
2230 1659 2467 1722 tenere
2514 1657 2725 1739 cupit,

373 1797 610 1844 eorum
696 1780 1201 1862 intelligentiae
1285 1784 1357 1845 et
1440 1783 1685 1860 captus
1772 1780 2109 1845 rationem
2182 1781 2433 1846 habere
2502 1781 2726 1846 debet.

373 1905 614 1984 Itaque
662 1921 750 1969 ex
789 1905 1008 1970 facete
1046 1905 1269 1986 dictis,
1311 1905 1526 1968 risum
1561 1904 2022 1986 moventibus„
2060 1904 2255 1969 nobis
2288 1921 2421 1969 non
2451 1907 2723 1970 tantum

369 2027 796 2092 cavillatoris
855 2027 1110 2108 ingenii
1170 2043 1484 2108 acumen,
1549 2027 1664 2090 sed
1722 2027 1931 2091 etiam
1981 2026 2265 2108 indoles,
2316 2027 2725 2109 sententiae,

373 2151 776 2216 voluntates
811 2135 1342 2234 approbantium
1377 2155 1735 2232 apparent.
1786 2151 1913 2231 Qui
1947 2151 2180 2233 igitur,
2216 2155 2293 2215 ut
2326 2151 2725 2232 Aristopha-

371 2291 516 2355 nes,
567 2273 800 2339 omnia
845 2273 1223 2356 experitur,
1265 2273 1436 2338 nihil
1471 2274 1896 2338 intentatum
1930 2272 2261 2352 relinquit
2291 2276 2371 2337 ut
2408 2271 2721 2354 plausum

369 2401 580 2478 atque
639 2397 1007 2463 cachinnos
1056 2399 1354 2479 moveat,
1404 2397 1712 2462 maxima
1758 2397 2003 2461 deinde
2050 2415 2137 2460 ex
2186 2394 2542 2477 plausibus
2588 2397 2727 2461 illis

373 2523 770 2602 provocatis
831 2523 964 2586 sibi
1027 2524 1307 2604 praebet
1367 2521 1639 2602 indicia,
1700 2539 1789 2586 ex
1835 2523 2085 2604 quibus
2132 2523 2437 2586 statuere
2485 2521 2723 2604 possit,

371 2647 532 2727 quid
585 2647 989 2712 facetiarum
1039 2647 1355 2728 flagitent
1403 2650 1845 2729 spectatores,
1896 2663 2019 2710 nec
2056 2662 2189 2710 non
2230 2645 2313 2710 ad
2355 2662 2554 2725 quem
2584 2663 2726 2711 eru·

371 2770 656 2836 ditionis
716 2771 1001 2851 gradum
1065 2771 1532 2852 pervenerint.
1619 2771 1881 2852 Nempe
1928 2786 2047 2851 per
2094 2768 2375 2850 plausus
2420 2786 2499 2834 ac
2546 2769 2728 2834 risus

373 2896 558 2961 ultro
603 2915 682 2963 ac
720 2902 964 2978 sponte
1003 2897 1308 2962 indicant
1347 2899 1791 2979 spectatores,
1833 2895 2168 2976 quomodo
2202 2894 2331 2975 ipsi
2356 2894 2726 2975 opinentur

365 3023 580 3101 atque
620 3022 950 3103 sentiant,
976 3025 1048 3086 et
1071 3021 1168 3086 sic
1191 3025 1434 3103 poetae
1457 3020 1830 3099 ingenioso,
1857 3018 2089 3101 populi
2116 3017 2559 3083 voluntatum
2587 3033 2722 3082 non

369 3145 626 3227 ignaro,
677 3145 986 3227 neglecta
1031 3145 1248 3228 ipsius
1295 3145 1376 3209 de
1414 3144 1733 3209 omnibus
1781 3146 1985 3209 rebus
2026 3142 2392 3224 sententia,
2425 3158 2557 3205 non
2595 3141 2728 3207 erit

371 3269 648 3335 difficile
688 3270 824 3335 iam
860 3270 929 3333 in
965 3269 1335 3335 comoediis
1359 3266 1736 3333 scribendis
1762 3266 2165 3348 prospicere,
2194 3265 2454 3344 quanto
2482 3262 2724 3345 plausu

370 3398 582 3475 atque
629 3394 922 3459 clamore
971 3411 1141 3477 opus
1188 3412 1390 3459 suum
1438 3392 1512 3456 in
1553 3408 1803 3455 scaena
1836 3390 2127 3472 populus
2158 3390 2252 3453 sit
2282 3390 2724 3469 excepturus,

465 3517 670 3581 Hisce
732 3518 1054 3583 omnibus
1114 3512 1468 3600 perpensis
1525 3516 1720 3580 facile
1771 3515 1939 3579 mihi
1990 3513 2297 3595 persuasi
2346 3510 2722 3595 Aristopha-

371 3660 524 3704 mm
591 3662 1094 3725 nonnumquam
1178 3642 1249 3707 id
1326 3662 1509 3725 ayere
1582 3640 1875 3705 debuisse
1946 3644 2023 3702 ut
2101 3638 2464 3721 loqueretur
2529 3641 2721 3719 atque

369 3766 698 3831 iocaretur
760 3772 1098 3851 tamquam
1149 3768 1460 3851 populus·
1530 3766 1702 3847 Quia
1764 3764 2008 3829 multis
2068 3763 2139 3827 in
2194 3762 2401 3826 rebus
2444 3760 2529 3825 ad
2580 3760 2721 3825 vul-

371 3910 604 3972 garem
674 3892 1207 3975 popularemque
1277 3908 1556 3956 sensum
1627 3892 1839 3969 atque
1908 3890 2189 3969 gustum
2256 3902 2407 3951 sese
2466 3902 2719 3950 accom-

373 4018 704 4099 modavit,
774 4034 1044 4099 semper
1111 4016 1244 4080 fuit
1307 4016 1554 4097 populo
1615 4018 1857 4095 gratus
1916 4016 1989 4076 et
2050 4014 2390 4093 acceptus,
2452 4027 2723 4091 semper

369 4142 511 4207 fuit
557 4141 924 4224 popularis
951 4141 1002 4217 1)

463 4266 614 4332 Non
697 4269 934 4331 autem
1019 4282 1288 4345 semper
1365 4262 1835 4327 multitudinis
1901 4259 2254 4325 desideriis
2324 4258 2721 4323 satisfacere

450 4488 500 4567 l)
543 4486 742 4547 Video
783 4486 994 4545 eodem
1035 4484 1213 4544 modo
1257 4486 1334 4543 de
1377 4484 1683 4543 comoedia
1711 4483 1922 4539 Attica
1949 4482 2009 4539 in
2042 4480 2390 4539 universum
2420 4478 2721 4537 iudicasse

369 4586 414 4645 J
418 4606 648 4645 omnim
691 4584 994 4644 Guonenm
1039 4584 1340 4641 Sunzremm
1383 4581 1527 4660 (Die
1570 4579 1851 4639 Attische
1892 4577 2139 4656 Epoche
2179 4577 2291 4635 der
2319 4575 2544 4649 griech.
2568 4576 2717 4633 Litt.

370 4704 430 4741 u.
477 4683 698 4761 Kunst,
745 4683 1090 4759 Nachtriige
1133 4702 1206 4739 zu
1250 4681 1510 4739 Sulzer's
1551 4678 1809 4737 Theorie
1850 4677 1961 4735 der
2002 4675 2275 4735 Schonen
2320 4672 2617 4751 Kiinste):

461 4781 616 4853 „Die
672 4782 792 4839 alte
847 4780 1146 4839 Komodie
1201 4799 1328 4837 war
1369 4777 1539 4837 recht
1579 4775 1907 4852 cigentlieb
1950 4775 2047 4833 ein
2091 4772 2441 4849 Schauspiel
2482 4770 2581 4829 fiir
2622 4772 2719 4829 ein
