3478 5737
1783 567 1866 630 74

740 764 843 826 Ad
891 763 1435 845 desperationem
1483 760 1824 825 adductus
1870 761 2219 826 exclamat
2267 769 2494 842 pater:

1357 887 1484 946 ἀπὸ
1533 888 1652 965 γὰρ
1701 883 1964 963 ὀλοῦμαι
2013 884 2257 964 (1441),

650 1010 787 1091 sed,
839 1013 915 1073 ut
960 1010 1057 1089 fit,
1108 1008 1411 1074 nondum
1459 1008 1586 1072 sibi
1636 1009 1888 1074 erroris
1935 1010 2255 1073 conscius
2287 1009 2556 1091 culpam
2593 1010 2662 1073 in
2697 1011 2991 1075 Chorum

650 1134 915 1197 confert
961 1138 1086 1213 (vs,
1139 1134 1363 1209 1452):

1053 1256 1359 1321 ravci‘dt'
1409 1264 1592 1339 ὑμᾶς,
1642 1254 1691 1321 ὦ
1738 1258 2045 1340 Νεφέλαι,
2091 1259 2363 1322 πέπονθ’
2411 1261 2555 1337 ἐγώ.

741 1384 1171 1447 Postremum
1220 1388 1375 1464 post
1423 1384 1620 1447 Chori
1672 1386 1883 1449 verba
1929 1388 2053 1465 (vs.
2109 1385 2278 1448 1454
2327 1388 2491 1463 sq.):

1093 1512 1281 1580 αὐτὸς
1326 1510 1438 1588 μὲν
1486 1504 1598 1571 οὖν
1649 1506 1858 1593 σαυτῷ
1908 1532 1984 1572 συ
2033 1512 2270 1573 τούτων
2319 1511 2538 1585 αἴτιος,

1094 1632 1363 1715 στρέψας
1410 1638 1667 1696 σεαυτὸν
1716 1638 1801 1706 εἷς
1848 1639 2092 1717 πονηρὰ
2140 1637 2502 1716 πράγματα,

652 1757 845 1835 quasi
895 1758 1295 1837 resipiscere
1342 1757 1585 1840 incipit
1632 1764 1760 1836 (vs.
1800 1760 2026 1835 1463):

1094 1886 1167 1945 οὐ
1213 1882 1331 1962 γάρ
1378 1882 1445 1961 μ’
1492 1884 1674 1966 ἐχρῆν
1724 1889 1803 1945 τὰ
1852 1882 2125 1967 χρήμαθ’
2175 1884 2598 1966 ἁδανεισάμην

1096 2010 1474 2087 ἀποστερεῖν.

746 2128 975 2193 Sentit
1032 2132 1269 2194 autem
1332 2146 1406 2193 se
1465 2147 1507 2193 a
1574 2130 1857 2194 Socrate
1921 2118 2054 2195 non
2115 2134 2298 2195 recte
2343 2136 2488 2195 tam
2539 2129 2655 2193 diu
2707 2129 2997 2193 ludibrio

658 2270 807 2317 esse
903 2254 1234 2335 habitum,
1327 2270 1537 2332 quare
1617 2255 1962 2334 frustatus
2041 2274 2118 2319 ac
2199 2255 2516 2335 deceptus,
2603 2252 2999 2317 ulciscendae

654 2376 939 2449 iniuriae
1020 2397 1224 2443 causa
1298 2382 1367 2442 τὸ
1445 2381 1915 2461 φροντιστήριον
1993 2378 2307 2443 incendio
2369 2377 2597 2443 delere
2665 2373 2995 2441 instituit.

657 2500 1116 2585 spectatores,
1184 2520 1355 2583 quos
1416 2521 1552 2568 non
1618 2503 1872 2583 fugerit
1925 2540 1984 2547 —
2035 2520 2286 2583 pravas
2346 2500 2584 2566 rustici
2645 2500 3000 2581 opiniones

659 2624 1093 2705 Socratisque
1168 2627 1645 2692 simulationes
1711 2644 1870 2691 cum
1940 2631 2231 2691 cernunt
2300 2663 2361 2672 —
2429 2628 2577 2690 tam
2648 2625 2996 2691 Socratem

658 2768 863 2830 quam
914 2751 1211 2815 Chorum
1259 2752 1419 2816 data
1465 2769 1670 2833 opera
1713 2752 1894 2833 (vide
1943 2769 2046 2815 vs,
2099 2752 2267 2815 1458
2315 2756 2487 2831 sqq.)
2534 2750 2598 2814 id
2650 2749 2886 2831 egisse,
2919 2754 3002 2813 ut

658 2875 959 2940 rusticus
1027 2893 1156 2940 usu
1224 2882 1297 2941 et
1362 2877 1795 2958 experientia
1864 2879 2299 2956 cognosceret
2361 2877 2668 2955 ingratos
2735 2873 2998 2939 consilii

658 2998 858 3062 stulti
922 3003 1237 3081 eventus,
1300 3000 1542 3066 rustici
1604 3001 1936 3066 ultionem
1987 2999 2272 3065 minime
2319 3002 2608 3063 naturae
2661 2999 2997 3061 humanae

656 3122 1069 3187 contrariam
1116 3126 1529 3189 censebunt:
1578 3125 1896 3188 Socrates
1942 3124 2126 3188 enim
2177 3123 2321 3204 ipse
2367 3139 2522 3186 eam
2569 3123 2996 3203 provocarat,

657 3247 907 3327 quippe
954 3247 1071 3326 qui
1117 3264 1255 3311 non
1301 3248 1544 3312 statim
1592 3248 2006 3312 rusticulum
2053 3247 2401 3311 docuisset
2437 3246 2802 3310 consilium
2849 3245 3000 3309 eius

657 3387 807 3434 esse
852 3369 1349 3435 stultissimum
1398 3370 1649 3438 nedum
1692 3371 2202 3453 pravissimum.
2252 3370 2478 3434 Cavea
2507 3370 2738 3450 igitur..
2779 3385 3000 3448 neque

660 3493 1119 3558 misericordia
1199 3511 1359 3574 erga
1440 3495 1790 3560 Socratem
1885 3511 2106 3574 neque
2175 3494 2328 3558 odio
2399 3495 2469 3558 in
2537 3493 2996 3574 Strepsiadem

658 3621 989 3698 permota,
1054 3618 1255 3682 hilari
1301 3620 1531 3684 animo
1578 3619 1933 3684 cachinnis
1977 3621 2050 3683 et
2095 3619 2452 3700 plausibus
2497 3617 2807 3696 indulget
2853 3633 2999 3698 poe-

658 3745 906 3820 taeque
972 3741 1093 3806 dat
1160 3759 1363 3820 quam
1434 3742 1779 3808 desiderat
1843 3743 2136 3806 laudem.
2225 3741 2472 3805 Omnia
2533 3741 2716 3804 enim
2781 3741 3001 3804 iocose

661 3865 819 3928 ficta
863 3865 1078 3929 sentit
1124 3865 1409 3944 ideoque
1457 3884 1739 3946 prorsus
1789 3867 2105 3930 innocua.

751 4116 789 4188 ἓ
836 4113 893 4176 2.
985 4111 1307 4177 Lectores
1366 4111 1730 4177 hodiernos
1775 4113 1949 4178 satis
1995 4115 2298 4178 sinceros
2348 4131 2628 4194 prorsus
2673 4114 2874 4178 aliter
2917 4113 3000 4176 de

663 4237 901 4300 nostra
969 4236 1201 4300 fabula
1260 4237 1581 4318 iudicare,
1644 4236 1781 4301 iam
1845 4237 2464 4302 animadvertimus
2526 4239 2633 4313 (cf.
2701 4238 2880 4301 Part.
2945 4237 2998 4316 1,

661 4375 808 4440 cap.
870 4359 920 4441 Ι,
981 4363 1018 4435 ἓ
1083 4359 1167 4438 3).
1247 4359 1321 4424 Id
1388 4359 1640 4423 mirum
1706 4377 1841 4424 non
1888 4377 2039 4424 esse
2086 4360 2296 4440 dabis,
2347 4361 2406 4423 si
2453 4363 2680 4426 tecum
2733 4365 2999 4440 reputa-

662 4481 866 4563 veris
926 4483 1147 4547 totius
1206 4482 1477 4548 fabulae
1539 4499 1883 4548 summam
1947 4487 2488 4565 contextumque
2552 4483 2734 4548 inter
2781 4483 3000 4562 legen·

660 4607 847 4690 dum,
914 4609 1317 4690 praesertim
1382 4607 1439 4671 si
1500 4625 1538 4672 e
1598 4610 1808 4672 verbo
1856 4607 2419 4689 interpretamur,
2471 4607 2668 4672 facile
2717 4607 3000 4687 neglegi.

557 4777 563 4782 -
660 4731 1023 4796 Praeterea
1108 4731 1345 4800 eadem
1428 4748 1503 4800 re
1584 4735 1932 4816 spectator
2015 4732 2386 4815 hilarItate,
2468 4732 2684 4796 lector
2762 4734 2998 4797 autem
